1851 3132
387 235 523 306 Aa,

106 373 173 417 brevi
183 370 327 415 adnotatione
338 371 379 429 boc
394 377 461 430 caput
473 370 619 414 conclusurus
635 365 658 413 in
674 374 803 431 quaestione

105 441 213 485 adfinem
227 440 331 499 perducta
340 437 400 480 mihi
413 439 518 497 gratuler.
781 494 784 498 s

161 508 197 552 De
216 507 306 552 nomine
325 506 420 565 quodam
439 507 601 569 nosvdicturos
622 522 670 550 esse
690 509 718 550 ab
737 508 802 552 initio

106 576 268 621 nunciavimus.
298 575 497 633 Janvempatet,
513 590 554 618 nos
569 574 597 617 de
611 591 638 618 eo
653 591 751 635 quoque,
767 578 803 620 cui

104 646 147 688 boe
162 660 242 689 nomen
258 643 314 699 tuit,
328 641 462 700 disputasse:
481 657 529 685 nec
538 644 636 700 profecto
650 644 730 687 inanis.
739 644 803 703 quae·

106 712 155 756 dam
179 712 261 757 locutio
285 711 320 754 vel
342 710 438 757 formula
456 716 501 752 tam
525 710 627 769 diligenti
649 710 803 770 theologorum

106 796 159 824 eura
173 787 195 823 et
208 780 349 837 indagatione
365 778 432 836 digna
450 779 513 821 foret.
550 778 575 822 Si
594 794 640 822 non
660 786 725 822 natus
745 789 805 825 esset

107 849 209 892 Christus
223 849 281 891 inter
296 862 337 890 nos
353 862 393 889 uec
408 856 498 889 strenue
508 854 602 889 ‘tantum
622 848 688 894 decus
708 849 752 891 sibi
767 850 804 893 ad·

105 917 240 974 judicasset,
254 915 289 960 vel
303 914 450 966 ludaeorum,
467 915 506 974 qui
521 914 547 957 de
562 914 667 974 peculiari
678 931 702 958 ae
713 923 804 976 paterno
868 959 870 964 .

107 984 152 1028 Dei
166 1000 217 1044 erga
231 986 293 1043 ipsos
304 998 382 1026 vamore
396 982 556 1041 gloriabantur,
571 981 716 1042 opinionibus
729 1000 805 1045 super·

108 1054 158 1097 latis
173 1052 345 1105 adnumeranda,
359 1051 397 1095 vel
410 1055 525 1109 poetarum
538 1051 678 1095 sermonibus
687 1053 805 1111 releganda

109 1121 167 1164 foret
180 1121 303 1180 appellatio.
332 1119 570 1163 Atilium-veritatem
588 1119 699 1163 addidisse
712 1121 806 1180 imagini

109 1196 131 1232 et
149 1190 212 1233 tenui
231 1189 321 1231 umbrae
334 1187 371 1231 uel
389 1187 473 1247 visioni
493 1187 564 1245 ipsam
585 1202 690 1246 aequasse
707 1196 806 1234 naturam

111 1257 227 1300 credimus.
247 1255 316 1300 Nam
332 1255 369 1298 uti·
384 1254 520 1312 evangelium
536 1257 585 1313 ejus
596 1271 627 1297 ex
647 1257 713 1299 unius
733 1260 806 1317 gentis

110 1324 192 1368 linibus
207 1324 303 1368 medium
321 1324 346 1366 in
367 1323 499 1382 populorum
519 1326 752 1383 gregenproferrur,
777 1328 807 1370 ita

110 1393 211 1437 Christus
230 1392 274 1436 sibi
284 1421 285 1424 =
294 1392 415 1435 destinatos
433 1392 529 1434 bonores
544 1406 570 1433 eu
585 1391 717 1450 opinionum
731 1393 808 1437 Judai·

111 1477 185 1505 carunr
209 1461 317 1519 angustiis
341 1459 463 1519 expedivit,
500 1467 521 1502 et
545 1475 608 1503 verae
631 1476 684 1505 suae
705 1462 809 1521 dignitati

112 1529 259 1586 adjudicavit,
289 1537 313 1571 ut
334 1543 410 1571 ornnes
428 1543 473 1571 non
494 1529 518 1571 iu
539 1529 665 1572 universum
685 1530 809 1588 quisesset

112 1597 157 1641 Dei
170 1596 237 1648 lilius,
254 1597 293 1639 sed
307 1596 345 1639 illc
360 1596 447 1655 qualem
462 1610 510 1638 sese
521 1597 674 1654 praestitisset,
685 1598 809 1642 considera-

113 1672 171 1710 rent.
201 1664 260 1716 Satis
274 1664 343 1708 latum
358 1672 380 1707 et
393 1664 501 1707 incertum
521 1664 580 1722 quod
600 1673 662 1707 antea
678 1666 761 1722 lucrata
786 1666 810 1710 iu

114 1727 186 1778 locum
202 1734 333 1776 eminentem
351 1740 492 1793 promovetur
512 1748 569 1775 nova
584 1733 632 1775 luce
646 1733 810 1791 illustrandum,
823 1767 824 1770 η

115 1802 186 1846 nobili
201 1817 226 1862 ae
239 1802 347 1861 locupleti
361 1801 432 1845 forma
450 1799 579 1844 ornandum.
606 1800 646 1845 -Eo
661 1802 721 1860 quod
736 1803 763 1846 ad
778 1804 812 1846 hi-

74 1917 76 1919 ,
116 1871 219 1914 storicam
234 1877 256 1913 et
265 1869 354 1913 ludaeis
369 1870 484 1929 probatam
499 1867 526 1911 de
536 1867 617 1912 Massia
627 1870 812 1915 existimationem

116 1939 183 1983 altior
198 1939 246 1996 jam
265 1938 369 1996 cogitatio
390 1953 414 1980 ac
436 1936 553 1994 disciplina
571 1938 678 1993 accessit,
702 1946 812 1997 praestan-

117 2007 215 2049 tissimus
229 2006 269 2049 ille
284 2013 414 2065 praeceptor
433 2013 455 2047 et
475 2004 581 2062 propheta
597 2003 699 2049 Christus
713 2007 763 2051 Deo
779 2024 813 2051 ca·

117 2075 219 2119 tissimus
235 2074 360 2117 cumulatur
374 2073 509 2132 sempiterno
524 2069 565 2130 felii
584 2072 661 2116 decore
671 2073 755 2118 intima
770 2076 814 2135 spi-

118 2143 173 2187 ritus
188 2144 293 2202 societate
305 2158 359 2185 cum*
369 2141 425 2184 Deo
435 2140 563 2198 conjuncti,
589 2142 626 2184 cui
639 2157 691 2185 non
710 2143 758 2186 sola
775 2145 816 2187 ho-

115 2211 203 2254 minurn
219 2212 262 2255 vita
277 2210 368 2269 gloriam
384 2216 406 2253 et
421 2207 594 2266 magnitudinem
614 2209 701 2264 attulit,
727 2227 817 2272 quoque

119 2279 176 2322 nilril
192 2279 326 2339 praeclarius
342 2278 366 2320 in
381 2285 428 2321 toto
443 2274 524 2319 mundo
539 2278 654 2335 apparuit,
674 2277 732 2323 nibil
747 2281 818 2338 magis

100 2351 102 2353 ’
121 2348 228 2391 divinum.
265 2347 365 2393 Priorem
378 2345 413 2388 *de
436 2359 463 2388 eo
484 2344 653 2401 cogitationem,
673 2362 746 2406 «quam
764 2364 818 2392 'vero

121 2416 243 2475 proximam
259 2430 307 2458 esse
321 2413 387 2457 multi
404 2411 502 2470 theologi
517 2411 679 2469 defenderunt,
703 2416 775 2459 tribus
795 2417 818 2459 in

122 2484 255 2543 evangeliis,
265 2482 331 2526 <Petri
346 2481 456 2540 epistolis,
472 2480 580 2540 epistolae
595 2483 621 2525 ad
636 2483 750 2528 Hebraeos
765 2484 819 2529 locis

123 2552 265 2613 quibusdam,
286 2549 480 2594 forsan‘inActis
499 2552 589 2608 quoque
603 2552 754 2610 apostolorum·
768 2569 821 2597 eon·

124 2622 223 2680 spicuam
238 2619 364 2673 babemus,
390 2617 480 2662 alteram
504 2634 583 2677 nragna
605 2620 695 2679 quidem
716 2637 742 2665 ex
760 2630 821 2681 parte

124 2688 267 2734 illisimilem
280 2686 390 2733 Johannis
404 2685 520 2744 ingenium
534 2687 661 2746 amplexum
674 2697 718 2734 est:
737 2690 821 2734 Paulus

125 2759 183 2802 inter
197 2765 310 2820 utramque
325 2762 408 2817 partem
423 2753 581 2798 mediumfere
596 2757 701 2814 renuisse,
716 2759 762 2803 nisi
772 2775 822 2818 pro·
