1851 3132
121 313 166 349 orta
181 306 210 349 sit
229 307 284 350 haec
303 307 413 364 praeclara
436 303 571 358 similitudo,
595 302 638 345 Dei
659 304 699 347 lilii
719 305 817 360 nomine,

122 390 165 432 qno
181 375 217 417 liic
233 376 346 432 apostolus
361 374 485 418 adhibendo
501 370 620 422 abstinuit,
637 365 746 430 proditur.
776 372 819 431 illi·

122 457 170 485 rom
187 442 252 485 facilc
267 442 334 486 suerit
348 443 427 487 subtili
442 440 570 499 interpreti,
596 440 655 498 qnod
671 442 737 484 verba
752 439 820 491 deser

122 529 149 571 μ.
170 510 228 554 θεοῦ
245 526 264 553 n.
287 526 308 552 o.
329 512 346 553 l.
368 511 463 569 simplici
483 509 548 553 modo
571 508 598 550 ad
616 504 718 565 Χριστὸς
731 508 822 570 'Ipoorig

125 578 209 623 adnexa
224 588 288 633 sunt,
303 581 339 623 cni
354 588 457 640 tanquam
471 577 526 623 Jesu
540 577 636 620 hominis
647 576 711 620 titulo
721 594 767 622 non
777 588 822 625 tam

126 647 214 689 divinae
229 647 313 690 indolis
329 648 435 706 splendor
450 663 514 706 quarn
529 645 642 688 humilitas
653 647 761 689 hnmanae
771 663 824 692 con-

126 715 218 758 ditionis
234 716 385 773 responderet.
419 716 471 760 Fuit
485 715 596 770 liaeo-(cf.
611 730 644 757 rs.
661 715 704 771 10)
720 715 825 774 dogmati·

126 784 159 827 cis
174 783 273 843 antiquis
287 785 415 828 idiomatum
432 783 617 838 communicatio,
640 783 696 826 idom
712 784 772 843 qrrod
785 785 824 828 ho-

128 852 164 894 die
178 853 253 911 paullo
270 853 382 908 liberiori,
398 868 498 912 quaeque
513 853 640 894 abhorrete
655 852 755 894 restricto
772 853 824 911 dog·

129 922 257 963 noricorum
273 935 382 975 sermone,
397 921 505 980 loquendi
516 919 672 964 consuetudini
682 920 828 979 assignamus.
857 943 859 954 ·

129 988 250 1031 Nominum
264 989 355 1032 mutatio
374 989 433 1032 haud
452 987 562 1038 difficilis,
589 987 627 1029 ubi
645 987 721 1032 eadem
741 990 827 1048 species

131 1072 155 1098 ae
170 1065 247 1115 notura
268 1064 316 1098 ante
336 1057 414 1099 oculos
433 1065 473 1100 est.
513 1054 544 1099 Ut
562 1054 606 1097 Dei
625 1054 694 1097 lilium
715 1056 826 1102 interdum

131 1124 328 1183 deprehendimus,
357 1125 402 1178 nbi
426 1123 508 1167 Cirristi
533 1123 632 1181 Jeannc
656 1124 745 1166 nomina
768 1127 829 1171 satis·

132 1192 237 1235 iecissent
251 1193 407 1250 exprimendae
426 1191 562 1245 sententiae,
588 1192 618 1234 ita
633 1190 724 1234 alterum
741 1210 830 1254 quoque

133 1274 175 1302 usn
191 1260 260 1311 venit,
277 1268 301 1301 nt
314 1261 387 1302 locum
403 1260 498 1319 aliquem
514 1259 620 1302 altissimo
636 1259 741 1303 attributo
757 1270 830 1320 aptum

135 1328 250 1371 inferiores
266 1328 323 1370 tituli
339 1328 475 1386 occuparint.
493 1352 519 1358 -
535 1325 578 1369 Sed
594 1327 657 1370 locos
671 1327 769 1372 illerum
781 1331 831 1374 aliie

134 1397 244 1439 similibus
264 1396 424 1454 comparandus
441 1411 501 1438 nora
520 1394 613 1452 quadem
637 1395 766 1440 difficultate
784 1406 832 1457 pre·

135 1465 207 1506 mitur.
237 1463 311 1507 Voces
326 1459 435 1523 ὑπάρχων
450 1470 472 1504 et
486 1459 561 1519 λαβών
575 1463 605 1505 ita
623 1463 704 1522 opinor
718 1466 832 1523 differunt,

135 1541 159 1575 nt
174 1531 276 1575 Christus
292 1531 369 1576 altiore
384 1531 517 1575 conditione.
530 1538 555 1573 nt
570 1546 609 1574 sna
624 1539 647 1574 et
661 1532 725 1590 quasi
739 1536 833 1579 naturali

136 1601 217 1644 fruitus
232 1616 293 1656 esse,
314 1601 418 1643 hunnileni
433 1614 485 1643 vero
501 1606 521 1641 cl
536 1605 660 1642 terrestrem
675 1592 746 1643 lilreie
761 1618 834 1646 snsec·
866 1649 868 1653 ,
902 1604 903 1607 ’

136 1670 198 1728 pisse
207 1670 314 1713 videatur.
337 1667 382 1723 Qui
393 1683 460 1727 qrrum
470 1667 535 1726 rudgo
548 1667 571 1710 in
581 1667 686 1710 mundum
696 1669 777 1713 missus
787 1687 835 1715 esse

138 1754 150 1779 a
165 1737 214 1779 Deo
230 1744 296 1796 atque
311 1738 416 1797 imperata
431 1736 504 1780 omnia
524 1736 625 1794 exegisse
643 1737 738 1793 feratur,
762 1752 843 1800 nonne·

139 1807 206 1863 liiijus
222 1806 266 1848 loci
283 1820 329 1849 eam
344 1808 418 1864 potius
434 1805 565 1848 sententiam
580 1814 740 1864 esseapparet,
756 1823 783 1850 ex
793 1826 835 1868 qna
847 1837 856 1861 4

139 1889 179 1916 sua
189 1882 268 1932 sponte
278 1874 301 1916 in
312 1874 383 1916 locum
394 1873 493 1916 infimum
504 1872 648 1928 descenderit,
665 1873 756 1918 minime
765 1885 838 1920 oston-

140 1951 189 1985 tans
204 1957 277 2000 noque
293 1942 373 1999 cupide
388 1942 496 2000 arripiens
511 1941 632 1994 honorem,
656 1949 702 1984 tnm
723 1958 776 1987 vcro
792 1953 838 1989 toto

141 2026 233 2054 moriere
248 2010 376 2068 perfunctus
392 2026 475 2053 summa
491 2010 605 2067 majestate
619 2017 722 2070 tanquam
734 2027 839 2070 operosae

142 2079 264 2122 industriae
279 2079 376 2137 praemio
392 2079 481 2121 allectus
497 2078 542 2120 siti
575 2077 639 2121 Haud
655 2094 719 2122 secus
735 2080 846 2136 epistolae

143 2147 169 2190 ad
185 2146 299 2188 Hebraeos
319 2155 395 2190 auctor
415 2147 541 2199 Christum,
569 2147 668 2204 quamvis
687 2146 747 2201 lilius
767 2148 841 2204 luerit,

144 2230 171 2257 cn
183 2214 209 2257 iis
223 2229 280 2272 qrrac
293 2213 419 2257 toleraverit
433 2214 578 2256 obedientiam
590 2214 622 2268 (5,
633 2214 685 2257 oct.
703 2214 767 2257 iloni.
779 2217 802 2269 5,
814 2221 843 2262 lo
861 2212 863 2214 ’

144 2278 234 2338 ὑπακοή
252 2282 294 2325 τοῦ
315 2276 379 2336 ἑνός)
401 2282 506 2325 didicisse
525 2297 549 2322 ac
569 2289 684 2341 propterea
705 2283 731 2325 ad
751 2284 842 2340 gloriam

145 2350 263 2393 coelestem
284 2350 337 2393 dicit
352 2348 450 2393 evectum
472 2365 528 2392 osse.
563 2348 618 2391 Nam
638 2349 710 2393 Deum
733 2351 843 2404 docuisse,

146 2433 186 2477 per
201 2434 266 2478 qrrem
282 2418 362 2460 mullos
377 2417 435 2462 filios
451 2418 477 2459 ad
493 2426 572 2460 statum
582 2418 728 2461 lionorilicurn
740 2420 844 2464 ducturus

147 2495 216 2536 essct,
233 2502 283 2529 cerm
299 2494 350 2545 post
364 2487 461 2544 perlatos
476 2486 562 2528 demum
579 2484 665 2529 dolores
681 2487 765 2546 insigni
776 2490 846 2548 gloria
877 2507 879 2509 ·

148 2570 226 2604 ornare
234 2563 256 2597 et
265 2554 426 2615 quodammodo
436 2555 459 2597 in
470 2553 565 2597 sublime
573 2554 678 2599 extollere
690 2556 721 2610 (2,
734 2556 784 2613 lo).
809 2558 827 2601 F
829 2558 845 2601 i·

148 2623 196 2666 nito
207 2624 265 2666 onim
274 2632 372 2668 terrenae
388 2624 444 2667 vitae
454 2623 535 2682 spatio,
556 2625 680 2668 cnrinciatis
691 2624 735 2667 Dei
745 2626 846 2672 consiliis

149 2705 252 2752 novoque
268 2690 355 2736 foedere
370 2700 465 2749 sacrato,
491 2708 559 2752 qutun
579 2692 605 2737 ab
621 2693 681 2738 omni
696 2699 757 2753 parte
768 2709 846 2755 acqua·
874 2688 877 2693 ¹
