1851 3132
450 190 490 235 16.

115 340 144 369 ne
159 324 214 383 quid
228 325 285 369 sorte
305 324 455 381 desiderares,
473 334 520 377 tum
535 332 559 370 ut
573 340 623 368 cunr
641 339 714 370 rerum
734 341 819 386 compa·

115 393 234 436 randarum
249 393 395 437 similitudine
410 394 529 438 discrimen
546 406 634 454 quoque
648 391 730 437 clarius
745 398 819 439 elucc-

114 470 156 505 ret.
186 460 232 506 Ubi
247 477 305 505 unus
319 462 400 506 colitur
414 463 476 507 Dens
491 478 564 507 rerum
580 460 679 506 omnium
698 457 784 507 creator
798 472 820 506 et

115 530 341 587 gubernator,nonne
355 531 445 590 longius
451 531 478 575 ab
488 546 514 576 eo
520 530 622 574 homines
633 529 716 574 distant
724 548 789 591 quam
795 540 820 575 ut

114 598 186 642 filium
201 598 246 642 sibi
261 599 386 659 quempiam
400 601 523 645 destinasse
537 607 596 644 recte
611 599 712 643 dicatnr‘l
726 615 754 643 an
769 616 819 659 pos-

115 674 168 710 sunt
182 674 242 711 tanta
256 667 346 712 fortuna
360 669 449 726 efferri,
469 684 525 728 quos
540 668 567 711 ad
582 683 643 711 suam
662 668 727 712 linxit
741 669 821 713 forma.

115 735 193 795 vitque
207 736 343 795 imaginem?
369 736 457 793 Quodsi
476 737 535 780 iuter
552 736 666 781 Hebraeos
685 737 712 780 de
732 737 820 780 dilectis

115 803 249 863 quibusdam
264 805 308 848 Dei
322 805 376 850 filiis
395 820 467 849 sermo
478 813 537 860 erat,
556 819 601 849 nou
613 805 676 848 video
686 805 745 848 uude
759 805 821 849 nasci

115 873 212 931 potuerit
226 873 280 916 baec
297 872 441 928 informatio,
456 874 501 917 nisi
516 883 537 917 et
552 889 579 917 ex
593 873 699 932 spiritali,
715 887 771 931 quac
780 888 820 915 nu-

115 939 173 983 mini
188 947 277 984 aeterno
292 955 342 983 cum
357 941 453 984 humano
469 956 549 999 genere
568 941 726 995 intercederet,
744 955 819 985 neces·

115 1007 214 1052 situdine
228 1008 316 1066 cognita
345 1015 368 1051 et
382 1023 411 1052 ex
424 1009 474 1053 idea
488 1010 620 1053 tbeocratiae
628 1009 682 1052 adeo
692 1008 760 1053 insita
774 1009 821 1052 ani·

114 1078 158 1120 mis
173 1076 277 1133 illorum,
292 1082 317 1119 ut
330 1082 378 1118 tum
399 1093 423 1119 se
445 1093 522 1121 omncs
540 1078 656 1137 propiores
675 1077 725 1129 Deo
745 1085 767 1120 et
785 1092 820 1120 ca·-
883 1117 884 1120 ,

114 1146 186 1188 riores
204 1159 254 1188 esse
274 1144 391 1187 conciliato
410 1146 498 1189 loedere
516 1143 593 1202 sacro,
615 1152 662 1188 tum
673 1144 821 1203 ¹principibus

116 1213 149 1256 uti
163 1212 188 1256 in
207 1220 321 1271 paternam
334 1213 431 1256 Jebovae
444 1213 537 1272 gratiam
550 1213 645 1272 receptis
664 1212 820 1268 existimarent,

172 1279 221 1323 Hae
239 1280 338 1323 rationes
356 1280 381 1322 in
403 1281 524 1324 moralibus
546 1281 613 1323 rebus
637 1287 702 1338 atque
725 1280 820 1323 internis

116 1348 172 1391 sitac
192 1361 205 1389 a
224 1347 372 1390 semideorum
387 1347 462 1404 cultu,
486 1363 499 1390 a
518 1347 642 1391 fabularum
663 1346 788 1406 portentis,
807 1361 820 1389 a

115 1430 181 1474 prava
190 1414 278 1458 divinae
286 1414 422 1459 substantiae
430 1431 480 1458 eum
489 1415 578 1459 materia
588 1414 741 1460 commistione
747 1428 821 1474 quan·

104 1494 191 1542 ¹topere
205 1482 337 1527 abhorrenti
353 1482 445 1544 Species
454 1489 539 1526 tantum
548 1483 655 1543 quaedam
662 1484 821 1526 sententiarum
835 1488 838 1493 '

116 1551 224 1596 similium
238 1551 366 1607 restabunt,
381 1552 443 1595 ubi'
436 1567 484 1611 ipsa
498 1553 523 1596 in
538 1559 610 1611 partes
631 1550 729 1596 diversas
749 1550 820 1595 disce·

117 1622 173 1666 dunt
187 1620 304 1679 religionis
318 1620 436 1680 principia

173 1690 272 1734 Primum
284 1689 343 1749 quod
352 1689 475 1748 Deiangeli
485 1652 712 1749 appellanturbtrtbtt·
713 1700 746 1749 555
741 1672 818 1745 (Job.

115 1740 819 1825 1691.59,7.55515·555Ρε99,1.89,7),ηοι5

43 1841 44 1845 ¹
116 1827 218 1886 iniquum
233 1827 277 1869 fuit
295 1825 324 1868 ad
342 1808 477 1871 officiosam
482 1840 558 1870 eorum
580 1833 684 1885 tanquam
706 1825 819 1869 ministro·

116 1912 165 1939 rum
181 1895 329 1939 obedientiam
344 1910 394 1939 cum
410 1894 504 1954 quadam
522 1903 613 1938 naturae
632 1893 748 1938 divinitate
766 1909 819 1938 eon-

113 1964 213 2022 junctam
224 1965 317 2010 rclerre:
334 1964 420 2007 etiamsi
434 1964 492 2024 nibil
506 1970 598 2006 statuam
613 1962 640 2005 dc
654 1961 821 2020 insigniGene·

117 2047 168 2075 scos
183 2032 347 2075 narratiuncula
362 2032 436 2088 (671.
452 2033 507 2091 sm),
523 2047 566 2090 qua
579 2031 622 2074 11111
636 2031 724 2090 Elohirn
740 2044 766 2071 ex
780 2032 820 2073 bo·

115 2099 200 2143 minum
215 2099 268 2142 liliis
283 2100 363 2158 ingens
372 2100 469 2148 ,heroum
484 2115 554 2159 genus
565 2098 681 2142 traduntur
699 2097 820 2157 peperisse.

116 2168 193 2212 Poetis
209 2168 289 2211 deinde
304 2168 405 2211 homines
421 2168 512 2212 omnino
526 2167 571 2210 Dei
585 2167 650 2210 liberi
669 2173 721 2209 sunt
739 2167 820 2211 arnonis

116 2231 213 2294 fideique
223 2252 273 2280 cum
280 2251 306 2279 eo
315 2236 407 2280 vinculo
416 2236 490 2294 juncti
496 2235 542 2292 (Ps.
552 2235 589 2286 75,
601 2234 637 2278 15.
645 2234 711 2278 Prnv.
722 2234 760 2288 11,
769 2234 819 2290 28),

115 2304 174 2347 inter
188 2319 245 2363 quos
259 2313 343 2349 servata
363 2303 402 2347 illa
426 2304 523 2363 imagine
545 2303 698 2347 Hebraeorum
709 2303 769 2345 natio
786 2318 818 2345 sc-

116 2372 168 2415 lecti
182 2372 218 2415 vel
237 2371 382 2432 primogeniti
400 2372 442 2416 filii
460 2372 550 2415 titulum
569 2371 718 2414 honorificum
739 2370 821 2429 accipit

90 2434 92 2436 V
116 2440 180 2493 (Hos.
195 2441 255 2497 291.
272 2441 308 2491 11,
324 2441 343 2484 1.
358 2440 430 2484 Exod.
446 2441 475 2497 1,
489 2440 528 2483 99.
544 2440 582 2483 25.
598 2439 668 2483 Psalt.
685 2438 767 2483 Saloni.
783 2438 820 2505 177

116 2509 156 2552 59.
175 2509 217 2565 18,
236 2508 269 2561 lt).
313 2507 364 2564 Quo
397 2511 468 2566 major
485 2525 537 2553 vero
557 2510 636 2568 populi
654 2510 739 2559 bonor,
759 2515 820 2550 tauto

117 2578 216 2622 altiorem
231 2576 347 2621 lsrue'litici
362 2593 438 2638 reges,
453 2579 492 2638 qui
510 2578 610 2636 judicum
637 2577 713 2623 brevia
727 2576 820 2634 imperia

116 2646 280 2706 sequebantur,
294 2646 369 2691 locum
384 2648 521 2691 obtinebant.
549 2647 598 2691 Hos
608 2648 666 2691 enim
676 2646 708 2699 *acl
724 2645 820 2701 dextram

117 2716 180 2775 quasi
195 2722 277 2759 stantes
292 2716 345 2760 solii
359 2716 444 2768 divini,
460 2716 577 2761 simulacra
587 2733 639 2762 suae
649 2715 773 2777 potestatis,
788 2731 820 2759 ar·
