1851 3132
122 369 240 412 etationcrn
249 367 345 426 explerit
358 367 446 411 taudem
465 367 577 427 longeque
589 367 710 424 superavit
718 364 824 411 eventus?

122 436 179 482 Mihi
194 452 282 496 semper
292 437 349 481 baec
364 428 499 497 exspectatio
515 451 566 479 euru
580 436 713 492 tireocratiae
732 452 775 478 usu
790 443 822 479 at-

123 521 168 565 que
187 506 322 564 cogitatione
345 504 527 561 conjunctissima
546 511 579 547 est
597 503 653 552 visa.
686 503 743 558 4Ὠιιί
763 505 832 559 eninr¹

122 588 175 633 prae
186 575 265 617 ceteris
280 589 304 616 se
318 574 395 617 a-Deo
403 573 468 630 diligi
482 566 636 637 etff'gubernari
651 568 779 625 confidunt,
794 572 823 615 iis

121 657 234 701 nunquam
250 642 344 685 sufficiet
357 639 489 700 praesentis
495 641 602 697 temporis
616 640 767 701 mediocritas:
782 641 822 684 iru-

121 724 157 752 mo
173 726 225 754 vero
244 720 306 754 uovass
317 710 407 768 quaevis
418 709 529 753 calamitas
544 709 571 751 ad
582 703 763 767 praesagiendum
779 708 822 751 tae

121 785 167 820 tnui
183 779 265 820 exitum
280 778 428 836 promptiores
443 786 507 835 atque
522 768 675 834 propensiores
690 772 772 820 reddet.
791 775 823 819 Ut

121 861 187 889 omne
212 846 290 888 foedus
318 862 368 889 euru
393 846 467 905 aliquo
487 845 628 888 conciliatum
646 845 720 888 futura
740 852 824 903 spectat
844 864 847 873 ·

122 923 234 973 tempora,
262 914 292 957 ita
313 929 406 972 proavos
431 915 493 973 ipsos
513 904 624 973 praeclara
643 912 823 971 Jetevaepotti·

122 983 226 1026 citatione
240 982 308 1025 fretos
327 983 387 1026 iraud
407 982 477 1026 miror
490 984 514 1024 in
530 995 698 1025 recensuerunt
713 982 824 1024 faustissi-

121 1066 182 1093 uuuu
202 1051 292 1093 defixos
300 1051 378 1095 oeulos
388 1052 510 1094 tabuisse>
528 1049 591 1092 Deus
606 1058 677 1092 auteur
683 1081 691 1103 ‚
707 1044 782 1108 quum>
791 1050 824 1091 in-

122 1117 224 1161 credibili
239 1118 303 1162 ruodo
318 1121 374 1162 baec
386 1127 437 1161 vota
448 1118 599 1161 Hebraeorum
615 1125 659 1160 rata
669 1117 716 1160 tieri
724 1117 825 1176 juberet,

121 1186 182 1229 viros
196 1186 264 1244 longe
278 1186 431 1230 nobilissimos
446 1201 471 1228 ae
486 1185 598 1244 piissimos
612 1179 735 1228 futuraruru
751 1201 824 1228 retum

121 1261 182 1298 vates
208 1261 232 1297 ut
251 1254 400 1313 praesentium
414 1262 568 1312 procuratores
587 1256 679 1310 crearit,
698 1253 824 1312 animisque

122 1338 198 1365 eorum
214 1322 360 1380 significavit,
381 1339 437 1382 quae
453 1323 534 1366 sende
556 1316 627 1365 aetate
637 1322 766 1366 'beatissima
787 1321 826 1363 bo·

120 1406 200 1433 norum
210 1391 308 1433 omnium
321 1392 385 1449 eopia
401 1392 536 1446 abundante,
552 1391 633 1443 sende
648 1389 834 1448 redintegrandis·

121 1458 166 1501 Dei
177 1459 255 1508 saeris,
271 1474 311 1501 scu
327 1458 354 1501 de
368 1460 498 1517 principatu
512 1458 665 1502 Hebraeorum
680 1459 741 1501 inter
753 1457 824 1500 natic-

92 1541 94 1544 ’
121 1540 162 1569 nes
177 1525 275 1577 vicinas,
290 1541 330 1568 seu
345 1526 450 1569 disertius
470 1527 498 1568 de
512 1526 649 1571 Daridianae
668 1527 741 1585 gentis
761 1526 836 1569 resti·

74 1599 77 1603 ’
121 1594 220 1647 tutione7
240 1607 279 1636 scu
294 1593 391 1653 denique
411 1593 439 1635 de
460 1602 552 1637 cunetae
571 1595 648 1638 salutis
667 1602 756 1657 auctore
775 1597 827 1650 rege

122 1661 189 1704 simul
216 1665 238 1705 et
262 1676 348 1704 sununo
373 1661 494 1705 sacerdote
509 1663 629 1707 virtutibus
662 1661 765 1718 maximis
795 1661 827 1703 di·

122 1730 202 1782 stincto
226 1734 332 1773 canerent
360 1738 383 1772 et
397 1730 472 1773 'variis
500 1719 635 1790 imaginibus
664 1731 828 1774 adumbrarem.

121 1798 244 1844 Continent
267 1799 322 1841 baec
338 1813 388 1841 cunr
412 1806 446 1841 tot
461 1799 510 1841 aliis
526 1801 593 1843 rebus
609 1800 765 1859 prophetarum
782 1813 826 1840 ser·

121 1880 199 1912 mones
217 1865 269 1908 inde
290 1865 393 1913 afJoiiiis
413 1882 484 1925 usqne
505 1868 533 1910 ad
551 1868 655 1911 Danielis
675 1876 773 1925 tempora
789 1881 826 1908 exv

121 1933 207 1994 auditi,
222 1933 388 1993 quibusquam
409 1936 470 1978 nulia
486 1937 559 1980 adbuc
572 1936 660 1978 fortrrna
676 1934 825 1993 responderit³

121 2002 256 2057 recentiores
275 2001 413 2044 Judaeorum
430 2003 550 2061 scriptores
570 2020 616 2045 uon
633 2005 660 2045 de
679 2002 762 2047 Messia
782 2016 827 2044 ama

121 2071 181 2130 plius
196 2069 234 2112 sed
253 2069 280 2112 de
299 2070 376 2112 aetatis
397 2076 482 2111 tautum
504 2070 609 2114 instantis
634 2070 740 2114 felicitate
759 2070 827 2114 verba

121 2139 219 2181 faciunt:
232 2138 295 2181 unde
310 2153 362 2180 vero
378 2153 423 2179 nou
444 2137 623 2182 concludendum
643 2147 688 2190 est,
709 2140 825 2198 insperan-

122 2207 181 2249 tibus
202 2206 311 2267 eecidisse'
325 2204 380 2250 Jesu
396 2205 538 2263 aequalibus,
555 2216 579 2250 ut
588 2205 682 2252 Messias
698 2207 828 2250 adventasse

124 2274 241 2318 diceretur.
257 2273 326 2318 Mutii
341 2274 400 2317 eninr
410 2273 439 2318 Ν.
455 2275 486 2318 Τ.
502 2274 545 2318 toci
561 2276 688 2332 ostendunt,
704 2275 769 2319 etiarn
785 2274 827 2318 sub

120 2344 194 2402 ipsum
209 2342 292 2386 Christi
306 2343 425 2386 adventum
444 2343 548 2386 coelestis
568 2344 632 2402 regui
651 2344 747 2404 aliquem
768 2344 828 2402 cogi·
853 2358 856 2359 ⁷

122 2411 229 2454 tationem
245 2410 269 2453 iu
284 2412 400 2454 bominum
414 2412 526 2455 ruentibus
545 2413 669 2456 resedisse:
690 2422 712 2457 et
727 2412 828 2472 quamvis

110 2537 111 2541 Ἰ
122 2495 193 2525 novus
203 2479 297 2531 adesset,
313 2494 386 2539 neque
396 2480 469 2539 qrralis
479 2480 572 2536 exstitit,
588 2481 639 2526 talis
654 2482 681 2525 ab
690 2482 751 2526 omui
767 2479 829 2541 parte

122 2548 249 2609 praevisus,
264 2555 337 2591 taureu
352 2548 460 2592 derebus
480 2547 577 2593 Messiae
597 2551 713 2609 gerendis,
733 2551 760 2593 de
781 2566 827 2594 ιιιιιβ

122 2633 176 2662 uere
195 2631 334 2675 personaque
348 2617 398 2674 ejus
412 2616 477 2659 molti
492 2625 514 2659 et
528 2618 607 2662 incerti
629 2635 728 2664 rumores
743 2634 828 2678 perere·

122 2688 199 2731 brierc.
233 2684 281 2731 Jaur
302 2683 463 2744 quodammado
487 2686 600 2731 definitam
620 2696 641 2731 et
659 2692 694 2731 vel
714 2690 770 2732 faura
794 2686 830 2730 rel

124 2755 206 2801 codicis
222 2756 279 2800 sacri
291 2754 392 2799 iocorum
407 2753 590 2815 interpretatione
605 2757 754 2802 adumbratam
764 2755 831 2798 babe=
