1851 3132
467 180 502 227 74,

135 318 210 374 otique
219 316 342 358 *voluntate
353 316 423 373 posita
439 315 532 369 fuerint⁷
556 321 582 356 et
592 313 699 364 alterum,
720 330 761 374 pro
776 313 832 357 divi·

135 384 204 426 nitate
219 391 294 427 suaet
309 384 464 426 communione
479 390 604 441 cumqpatre
620 380 685 426 talem
699 398 724 426 se
737 392 832 441 praesta·
865 401 868 405 >

135 460 168 493 rel
183 467 274 495 necesse
293 452 368 494 tuisse.
396 451 549 508 -llogmatieus
569 466 615 493 non
634 447 780 509 perfungetur
800 451 832 493 ot·

134 520 194 576 ficio,
204 520 249 564 nisi
257 527 370 578 utramque
378 520 532 578 cogitationem
540 526 613 564 mente
621 518 735 577 amplexus
741 519 833 576 fuerit')

220 605 226 622 Ι
275 620 276 623 ,

431 624 516 711 ζει.
567 695 568 699 ,

309 745 311 748 ’
324 750 455 797 Ejusdem
470 751 511 786 eei
527 759 644 787 summu.

190 837 273 880 Incerti
287 845 339 880 sunt
354 847 375 880 et
391 855 465 896 parum
483 838 579 894 dilucidi
594 838 675 896 quibus
694 839 748 893 llaec
768 853 832 896 rprae-

135 906 178 948 stio
191 906 259 964 justis
280 905 530 956 tiniensineludamrs
549 909 652 964 quoniam
673 922 746 964 neque
766 914 833 948 totam

136 973 201 1030 Pauli
223 965 395 1032 Cleristologiam
415 973 515 1025 volebam
535 990 650 1026 enarrare,
675 989 716 1016 nce
735 982 833 1032 poteram
891 988 893 990 ·

135 1043 292 1096 exterminare,
307 1033 363 1103 quae
378 1043 405 1085 ad
415 1049 511 1084 nostram
522 1058 610 1085 eausam
620 1044 720 1101 proxime
730 1043 831 1084 attinent

135 1109 208 1164 Quum
227 1127 280 1155 vero
300 1111 429 1169 gravissima
444 1110 491 1153 fere
510 1111 654 1168 investigasse
675 1110 731 1153 mihi
749 1110 832 1170 videar,

134 1196 180 1222 non
200 1171 279 1235 restat,
305 1180 360 1222 nisi
359 1187 388 1221 ut
403 1194 493 1232 eorum,
519 1196 575 1238 quae
594 1180 619 1221 in
638 1179 716 1238 primis
737 1194 748 1220 e
767 1168 832 1230 Pauli

134 1246 189 1290 loeis
213 1247 340 1305 colligenda
359 1263 407 1289 csse
430 1249 516 1304 putari,
545 1247 655 1291 Johannis
675 1246 740 1289 simul
758 1245 832 1288 habita

133 1316 232 1373 ratione,
248 1331 354 1358 summam
369 1316 455 1358 faciam.
535 1360 536 1363 Ἴ
840 1315 841 1318 ’

191 1385 214 1441 l)
234 1383 398 1441 significationi
417 1383 515 1426 nominis
539 1399 584 1425 non
606 1383 660 1424 adeo
680 1399 692 1425 a
710 1382 780 1426 Paulo
799 1383 832 1426 lo·

133 1452 217 1511 quendi
232 1468 285 1495 usus
301 1451 478 1494 accommodatus
494 1459 540 1506 est,
556 1459 579 1493 ut
594 1451 690 1508 singulis
705 1451 832 1510 quibusque

132 1521 189 1563 loeis
206 1521 297 1565 eandem
313 1521 427 1562 notionem
447 1520 505 1563 clare
523 1534 649 1577 expressam
669 1517 758 1562 habeas.
792 1519 832 1561 Est

133 1589 192 1631 enim
207 1589 247 1630 uhi
261 1588 303 1630 filii
317 1578 361 1630 Dei
376 1588 505 1631 attributum
521 1603 566 1629 non
587 1581 630 1628 tam
649 1586 772 1642 sentcntiae
787 1587 831 1630 elo·

133 1656 234 1716 quentiae
254 1672 319 1715 quam
341 1656 442 1714 augendo
463 1656 556 1714 ponderi
577 1650 694 1707 uerborum
714 1655 830 1699 inserviat:

156 1851 172 1894 ⁸)
191 1848 211 1882 Si
224 1850 264 1895 quis
276 1850 323 1882 forte
335 1842 431 1894 postulet,¹
446 1855 465 1882 ut
480 1861 540 1882 eornm
552 1850 647 1888 locorum‚'
665 1848 730 1894 quibus
747 1848 829 1884 tllrristus

188 1903 233 1945 aaa}
244 1907 357 1952 appellatur,
369 1908 387 1939 in
400 1906 433 1939 liae
446 1908 550 1952 quaestione
562 1908 669 1940 mentionem
681 1908 789 1950 inferamus,
802 1909 830 1942 illi

188 1964 241 1997 velim
253 1963 312 1998 brevis
324 1965 418 2010 responsio
431 1965 539 1998 satisfaciat.
564 1964 639 1998 Missum
648 1960 702 2001 facio.
716 1967 765 2012 quod
773 1952 829 2012 paene

187 2022 248 2056 nullus
260 2023 308 2056 iuter
320 2034 349 2055 cos
363 2022 423 2065 (llum.
436 2020 455 2061 9,
468 2021 487 2055 5.
501 2022 537 2055 Tit.
550 2020 568 2061 l,
581 2022 600 2062 5.
613 2022 633 2062 2,
646 2022 676 2058 15.
690 2023 700 2055 l
712 2023 758 2057 Tim.
771 2023 830 2065 ΒΑΕ)

188 2079 211 2112 ab
224 2080 273 2126 omni
283 2081 313 2125 vel
323 2081 476 2125 interpretationis
494 2081 523 2113 rel
537 2081 613 2117 rationis
630 2081 704 2113 criticae
717 2081 829 2115 dubitatione

189 2137 276 2170 liberatus
288 2141 321 2170 est.
347 2136 382 2170 Sed
394 2137 483 2182 quomodo
495 2126 542 2170 idem
553 2142 614 2186 potest
626 2142 643 2171 et
652 2138 699 2171 Dens
712 2142 730 2170 et
738 2139 771 2171 Dei
780 2139 830 2174 filine

188 2194 287 2239 appellari?
305 2193 351 2228 male
367 2194 402 2227 lroe
418 2195 465 2227 inter
482 2205 501 2226 se
517 2187 610 2234 concinit,
630 2195 647 2227 si
662 2206 683 2228 ex
695 2205 714 2227 se
725 2182 765 2241 ipso
778 2198 830 2243 qnasi

188 2251 285 2298 explicabis
298 2262 373 2291 nornen,
393 2252 442 2296 quod
457 2262 478 2284 cx
492 2250 569 2285 tota'de
581 2261 602 2283 eo
615 2252 645 2284 eni
657 2251 730 2285 daretur
742 2257 830 2290 sententia
891 2250 893 2252 ¹

188 2313 242 2354 atque
254 2308 378 2343 aestimatione
391 2309 507 2354 spectandum
523 2320 564 2342 esse
579 2309 662 2342 vidimus.
689 2308 725 2343 Sed
736 2311 768 2345 ille
780 2312 828 2349 filius

188 2369 227 2408 est,
244 2367 263 2399 iu
274 2378 309 2411 quo
321 2367 370 2400 idem
382 2367 448 2400 Paulus
461 2367 506 2401 dixit
517 2370 574 2400 totam
586 2366 685 2400 divinitatis
697 2370 767 2415 copiam
777 2371 829 2406 laabi-

187 2428 226 2457 tare
239 2427 257 2457 et
268 2425 366 2458 clarissime
377 2426 459 2458 illuxisse
472 2424 520 2469 (col,
528 2424 548 2464 2,
556 2423 585 2468 9).
609 2423 725 2472 Huneigitur
733 2427 749 2461 si
757 2431 829 2474 quando

187 2479 233 2517 deor
248 2482 317 2514 dixerat
332 2483 360 2515 uti
374 2482 393 2514 in
410 2481 481 2516 Christo
500 2486 626 2529 apparentem,
645 2488 732 2517 nouerat
746 2486 828 2531 protecto

189 2540 237 2584 quod
248 2542 344 2581 metueret)
363 2550 386 2572 ne
403 2540 506 2574 confudisse
521 2540 577 2585 patris
590 2539 659 2585 filiique
674 2553 760 2586 personas
774 2540 828 2577 etal-

186 2597 243 2629 terius
262 2598 283 2630 de
302 2597 389 2642 dignitate
410 2598 507 2642 derogasse
523 2597 594 2642 aliquid
608 2590 704 2631 videretur,
734 2599 827 2637 Caeterum

187 2651 269 2698 theologi
280 2654 404 2699 doxologicas,
417 2667 462 2700 quae
479 2655 570 2698 dicuntur,
582 2656 624 2690 illas
637 2655 776 2692 exclamationes
789 2671 827 2696 esee

187 2715 295 2751 monuerunt
305 2724 341 2746 non
353 2723 393 2746 cum
405 2724 459 2758 pareo
471 2711 565 2747 verborum
577 2726 612 2748 usu
624 2714 687 2747 editas.
