1851 3132
108 326 198 382 iuquam
214 324 306 367 cacteris
321 321 460 382 largiendae,
476 324 573 384 quibet
586 323 628 367 filii
640 339 719 368 vocem
728 332 807 369 ‘essent

107 392 208 436 audituri
215 393 228 445 ,(
232 392 329 449 5,‘!iss)!
345 386 489 437 *Fallimurne
503 392 618 451 igitun‘si
634 408 690 450 quae
704 393 745 436 filii
755 399 807 437 suht

109 461 174 520 apud
183 460 321 518 Jonannem,
341 476 368 503 ex
383 462 425 504 hoc
436 462 513 519 'capite
527 457 658 504 arcessimus
666 458 749 515 ‚sthene
763 461 807 506 vir·

109 523 182 573 tutum
197 530 264 589 quasi
277 528 453 587 complexionem
468 545 535 573 uuam
545 529 676 588 habentes‘i]
685 538 709 573 ut
723 530 757 574 illi
768 537 808 574 no'-

109 598 294 655 meu'deb'eatur‚
307 602 309 604 ’
323 598 347 641 iu
366 608 411 656 quo
430 598 527 657 repletus
546 599 570 642 vi
589 594 719 657 atque'luee
733 599 810 650 diviua

110 667 195 723 (ato.
211 667 235 724 8,
250 667 286 711 tss.
302 668 325 718 9,
341 668 367 723 5)
383 666 470 710 animus
485 666 570 724 vigeat,
590 668 655 725 cujus
670 676 736 727 opera
751 668 811 711 idem

110 735 239 779 homiuibus
255 735 342 780 cunctis
357 738 459 779 aeternae
473 736 530 779 vitae
547 736 573 789 (1
588 738 638 781 Joh.
654 738 676 793 5,
691 738 717 780 ii
733 731 809 794 ἦῖζωὴ

112 807 136 849 ἐν
154 821 174 848 τ.
193 803 235 864 υἱῷ
261 802 334 849 αὐτοῦ
353 805 431 859 ἐστιν,ἱ
458 820 490 849 vs.
505 804 534 847 ta
552 801 564 846 ὃ
584 805 641 863 ἔχων
658 812 679 847 τὶ
699 799 812 862 υῑόνέχει

112 880 134 917 τ’.
149 866 222 931 ζωήν)
237 873 394 932 fous'apertus
409 873 446 915 sit.
481 871 561 932 Neque
570 895 572 903 1
577 873 624 931 jam
639 873 763 916 admodum*
772 873 813 916 mi-

112 948 162 993 ror,
192 942 238 985 nisi
258 957 373 1002 perperam
397 942 427 983 ita
448 940 581 983 senteutiam
600 940 700 984 nominis
720 941 813 985 circum·

52 1031 54 1033 ·
112 1009 255 1067 scripsimus,
281 1009 341 1068 quod
363 1008 465 1051 Christus
486 1023 573 1067 semper
590 1024 615 1051 se
633 1009 744 1051 exstitisse
764 1026 813 1069 per·

113 1077 296 1133 suasum'hahet3
323 1092 351 1136 an
366 1083 490 1135 temporum
505 1077 616 1135 augustiis
637 1093 702 1136 quam
717 1077 814 1122 diximus

112 1145 181 1188 vitam
195 1145 350 1189 includamus?
368 1170 397 1177 -
415 1160 489 1202 neque
508 1144 619 1201 impedio,
643 1147 816 1204 quominusna·

114 1221 176 1256 turae
191 1207 276 1256 Christi
290 1213 400 1256 tribuatur
414 1213 454 1256 iila
469 1213 497 1255 dc
512 1227 536 1255 se
551 1221 574 1254 et
588 1221 649 1270 patre
664 1229 705 1255 suo
716 1214 815 1256 scientia.

115 1280 212 1325 Naturae
227 1282 287 1324 enim
301 1296 380 1324 sensus
396 1287 441 1333 est,
465 1281 514 1322 sine
531 1295 578 1337 quo
592 1296 638 1322 non
654 1281 766 1324 constabit
781 1282 817 1324 sui

116 1349 206 1393 conscia
224 1363 294 1392 mens.
328 1346 458 1405 &Johannem
473 1348 547 1410 igitur
565 1355 644 1408 testem
664 1356 686 1391 et
706 1357 817 1392 auctorem

115 1416 241 1472 habebunt,
256 1416 295 1477 qui
309 1410 353 1459 Dii
363 1414 405 1459 fitii
415 1415 506 1459 nomine
516 1406 649 1476 quamquam
662 1432 709 1475 uon
720 1413 818 1471 diuinam

116 1488 187 1532 solam
202 1486 286 1534 Christi
300 1492 414 1542 naturam,
439 1490 533 1534 attamen
554 1484 668 1528 Christum
687 1486 761 1544 ipsum
776 1503 817 1545 pro

117 1556 231 1600 divinitate
249 1554 337 1611 ingenii
355 1553 479 1609 ornabunt,
505 1553 565 1612 quod
580 1568 604 1595 se
619 1569 646 1595 ex
661 1555 754 1596 numine
768 1570 819 1612 pro·
856 1564 858 1568 ’

118 1625 207 1675 fectum,
224 1623 315 1665 missum
332 1637 343 1664 a
359 1622 408 1665 Deo
428 1629 449 1664 et
468 1636 555 1680 semper
577 1636 626 1664 cum
646 1636 672 1665 eo
693 1622 820 1666 incredibili

115 1695 186 1737 'modo
202 1685 309 1737 sociatum
325 1691 373 1734 esse
387 1690 469 1733 docuit.
485 1703 488 1707 ’
585 1683 587 1686 ’

439 1853 452 1907 ς
466 1851 501 1892 ro.

148 1985 150 1989 ,
223 1949 270 1986 Aet
285 1948 395 1995 reliqua
410 1926 553 1994 evangetio?
564 1932 719 1991 respicitur.

179 2036 214 2079 Ex
228 2035 333 2079 Matthaei
348 2033 419 2078 Marci
434 2039 455 2076 ct
464 2033 539 2077 Lucae
553 2032 618 2076 libris
633 2032 698 2089 pauci
712 2031 756 2075 loci
770 2047 822 2091 sup-

124 2102 241 2163 petebant,
257 2118 313 2162 quos
328 2104 357 2145 ad
372 2100 524 2160 quaestionem
534 2094 821 2163 antecedentemaptierrem:

126 2172 184 2215 haud
200 2173 286 2215 mirum.
295 2171 408 2230 profecto,
429 2168 535 2227 quoniam
549 2183 560 2209 a
575 2167 639 2225 regni
653 2163 727 2211 divini
740 2168 823 2211 nuncio
850 2188 855 2193 ·

127 2240 251 2298 apud'illos
265 2240 406 2284 institutione
421 2236 482 2279 omni
496 2235 651 2295 proficiscente
660 2248 661 2251 ’
670 2251 720 2279 raro
739 2236 766 2279 dc
780 2237 824 2279 fide

126 2310 150 2352 iu
165 2304 278 2352 Christum
292 2308 336 2353 Dei
352 2307 421 2352 filium
436 2306 530 2364 ejusque
544 2304 650 2362 dignitate
664 2305 769 2348 subtilius
780 2305 823 2348 dis-

126 2379 215 2422 seritur.
254 2377 301 2422 Nec
324 2378 419 2438 proinde
440 2373 596 2426 omittendum,
609 2373 682 2434 'quod
701 2373 826 2418 Matthaeus

128 2457 187 2491 certe
202 2455 224 2491 et
238 2446 326 2490 Marcus
345 2442 370 2489 iu
389 2439 580 2501 historicamagis
600 2443 627 2486 de
640 2441 724 2501 Messia
734 2444 825 2500 vcogita-

128 2516 189 2559 tione
202 2515 334 2560 illustrauda
349 2515 483 2575 acquievere.
509 2512 588 2572 ltaque
602 2520 690 2569 praeter
702 2512 765 2568 locos
777 2525 826 2569 pas·

129 2585 172 2628 sim
187 2601 253 2644 supra
268 2586 368 2629 laudatos
384 2584 447 2643 pauci
462 2589 556 2637 tantum,
571 2596 628 2641 quos
642 2589 702 2644 recte
712 2579 826 2634 addamus,

129 2662 257 2714 supersunt.
285 2654 359 2698 Deum
374 2652 493 2710 aliquoties
507 2649 618 2694 tartesus
632 2644 721 2709 patrem‘
731 2648 827 2706 compel-

130 2725 160 2769 tat
175 2719 197 2778 (ὁ
213 2715 292 2782 πατήρ
308 2722 354 2767 sive
370 2717 382 2765 ὁ
398 2717 475 2780 πατήρ
490 2734 546 2777 prov,
562 2718 641 2764 March.
657 2716 739 2775 11525.
750 2717 788 2762 26.
804 2718 827 2773 7,
