1851 3132
115 373 176 418 bitrii
189 379 258 419 testes
273 372 366 417 maxima
381 374 510 419 anctoritate
521 373 632 432 praeditos
640 369 735 417 reddidit
744 373 813 419 Deus.

114 444 171 495 Hos,
187 441 279 499 simulne
294 457 386 500 regnum
401 442 537 502 suscipiunt‚
556 442 677 487 invisibilis
691 443 750 500 regis
766 444 814 488 viee

109 519 135 554 et
144 495 218 572 officio
227 511 340 560 iuncturos
347 526 388 554 suo
396 511 476 555 robore
486 511 610 589 spirituque
619 511 704 569 adjuvit
713 513 734 565 (l
751 510 811 555 Sam.

114 581 153 624 16
169 581 202 623 6.
209 566 246 635 io,
262 579 306 623 15
315 580 354 628 14
368 579 408 634 18,
423 580 470 637 1⁰)
499 578 574 658 Quisi
589 580 742 638 praecaeteris
757 581 814 624 lilio

113 665 162 692 rnnr
181 648 226 692 Dei
244 649 335 708 qomine
354 649 427 692 ornati
447 655 512 699 sunt,
532 649 557 691 in
579 649 683 692 universo
704 649 813 700 formulae

113 710 155 760 usu
164 718 314 776 gradationem
324 717 434 776 quandam
445 716 574 770 observasse
584 717 638 760 mibi
648 718 731 774 videor,
747 733 814 777 quum

112 786 140 829 de
155 785 241 830 eunctis
255 786 327 843 primo
342 786 483 835 hominibus,
508 793 555 828 tum
576 784 603 828 de
622 785 742 836 Hebraeis,
763 794 810 829 tan-

113 855 162 898 dem
177 854 204 896 de
220 854 312 897 summis
327 869 402 897 eorum
417 853 598 912 praeceptoribus
613 853 749 897 adhibeatur.
775 853 814 897 Al-

112 922 210 964 tissimus
224 937 276 965 vero
292 922 332 981 qm
347 923 446 966 nominis
461 922 524 966 loeus
538 921 619 975 fuerit,
646 920 741 981 blessiae
757 936 812 982 ‹puo-

111 1005 155 1048 que
182 991 242 1048 regia
261 1006 300 1033 sen
319 991 405 1049 potiore
424 990 489 1034 etiam
509 990 616 1048 dignitate
635 990 730 1041 tributa,
754 988 815 1033 facili

111 1058 207 1116 quisque
221 1058 347 1115 conjectura
362 1066 501 1135 assequetur

165 1125 200 1168 Ex
215 1125 307 1169 duorum
327 1126 421 1169 maxime
444 1126 544 1169 locorum
564 1125 745 1182 interpretatione
766 1107 812 1183 epi·

111 1193 187 1235 tlreton
203 1202 244 1236 nos
247 1200 321 1246 trum,
337 1192 422 1254 ι]ιιοι1’
411 1208 435 1235 rn
449 1193 528 1236 Jesum
542 1192 654 1235 Christum
667 1193 765 1249 transiit,
781 1193 811 1236 si·

110 1260 194 1303 militer
209 1268 274 1319 atque
289 1261 382 1306 alterum
393 1258 497 1318 Χριστός
506 1261 549 1305 viri
560 1260 620 1304 doeti
631 1261 751 1317 petendum
767 1275 816 1302 esse

110 1335 221 1373 censent..
250 1328 330 1373 Davioi
361 1329 424 1371 Deus
449 1336 559 1372 aeternam
583 1328 659 1387 stirpis
684 1328 814 1371 felicitatem

109 1396 222 1454 spondens
245 1396 293 1453 regi
317 1396 405 1454 egregio
434 1406 468 1438 ex‘
484 1396 525 1439 illo
554 1396 650 1439 oriundo
677 1403 762 1456 patrem
790 1410 815 1438 se

63 1509 65 1513 f
109 1478 204 1522 eumque
224 1463 268 1506 sibi
291 1463 361 1507 filium
380 1464 428 1508 fore
446 1464 592 1523 praenunciat
609 1463 699 1508 2Sam.
722 1465 750 1515 73
775 1463 816 1508 tle

108 1531 187 1584 LXX:
199 1532 236 1580 εἷς,
249 1531 338 1590 πατέρα
352 1557 380 1564 -
395 1533 428 1581 ele
441 1525 511 1591 nido).
531 1532 591 1576 llaec
605 1532 673 1577 verba
691 1531 814 1576 voluntatis

51 1621 52 1624 ¹
109 1609 197 1644 mutuae
208 1615 253 1643 uon
263 1607 353 1645 naturae
362 1601 478 1645 vinculum
487 1600 598 1652 indicant,
612 1616 657 1659 qno
669 1600 767 1644 futurum
775 1602 824 1656 sit)

110 1676 134 1712 ut
150 1668 186 1712 illi
205 1668 268 1725 Deus
283 1675 386 1729 tanquam
405 1669 507 1713 ministro
527 1676 641 1713 succurrat
660 1676 726 1728 atque
744 1669 818 1712 faveat

65 1743 72 1764 ¹
109 1745 135 1780 nt
142 1737 190 1786 lilio
199 1737 280 1796 pieque
289 1738 316 1780 ab
327 1738 404 1783 eodeni
413 1741 504 1783 colatur,
518 1737 694 1781 Naturaliseuim
705 1753 730 1780 ae
740 1750 816 1780 neces·

110 1807 181 1849 seriae
192 1806 342 1849 consortionis
350 1814 452 1865 potestne
462 1806 605 1849 ullaomnino
614 1820 662 1848 esse
670 1806 816 1864 pollicitatio?

108 1876 140 1918 At
154 1889 200 1917 non
215 1873 319 1918 blessiam
334 1890 418 1919 verum
428 1875 500 1918 filium
519 1874 611 1919 Doridis
627 1872 768 1917 Salomonem
788 1875 817 1917 si-

109 1942 217 2002 gnificari,
232 1942 311 2001 templi
326 1943 438 2001 splendidi
451 1943 588 1987 conditorem
604 1943 647 1997 (vs.
664 1943 701 1997 15)
713 1957 818 1985 nonnun·

109 2027 178 2070 quam
190 2010 255 2053 etiam
269 2010 308 2052 nbi
327 2015 449 2068 peccaverit
469 2010 518 2053 Deo
533 2010 684 2067 castigandum
705 2010 740 2064 (rs
765 2010 813 2064 15),

108 2079 191 2121 dudum
205 2078 337 2136 interpretes
352 2092 365 2120 e
380 2077 456 2126 verbis
477 2077 585 2135 proximis
607 2083 762 2136 perceperunt.
783 2076 817 2120 Eo

109 2148 232 2206 graviorem
246 2146 348 2189 Psalmus
363 2145 474 2188 secundus
489 2145 736 2195 leeiteontrorersiam,
753 2146 815 2203 quod

109 2214 351 2273 earmeumagnilicnm
364 2212 440 2270 paucis
455 2213 544 2271 quidem
555 2214 582 2256 de
596 2211 679 2256 Messio
685 2244 694 2266 ,
713 2213 816 2271 pluribus

109 2283 137 2324 de
152 2284 227 2341 aliquo
242 2297 294 2339 rege
309 2281 355 2324 sive
369 2280 486 2324 Salomone
501 2281 644 2325 sireHiseia
662 2280 734 2345 aliove
749 2295 818 2339 ‘agere

109 2351 180 2394 visum
205 2358 246 2392 est.
275 2349 306 2391 Hi
325 2349 383 2391 enirn
404 2349 463 2391 inter
487 2349 554 2392 rerba
571 2349 625 2392 Dei:
648 2349 723 2403 „unxi
742 2365 817 2407 regem

108 2416 181 2460 meum
196 2418 219 2459 in
240 2417 313 2460 Zione
332 2425 407 2469 monte
426 2431 487 2459 sacro
513 2417 555 2471 (ιε.
574 2417 633 2472 6),“
653 2425 675 2460 et
695 2433 751 2477 quae
767 2433 817 2476 pro·

108 2487 167 2529 xime
182 2492 316 2544 sequuntur:
334 2485 412 2541 „tilius
439 2500 500 2527 meus
520 2492 544 2527 tu
570 2500 607 2542 es,
635 2502 677 2545 ego
697 2486 762 2530 bodie
781 2502 818 2545 ge·

108 2555 149 2598 rmi
163 2559 218 2611 tes6
233 2555 269 2597 vix
288 2569 336 2596 esse
356 2555 419 2610 ajunt
437 2552 560 2596 sententiae
576 2554 709 2610 discrimen,
728 2555 817 2614 duoque

107 2625 198 2676 nomina
211 2615 313 2681 Χριστός
327 2630 348 2665 et
361 2616 411 2670 vide
426 2637 447 2664 τ.
465 2625 491 2665 θ’,
514 2622 552 2676 (el.
579 2639 612 2667 vs.
639 2624 678 2676 tn)
693 2614 747 2667 inde
771 2631 816 2666 tau·

108 2709 174 2751 quam
189 2691 361 2752 aequipollentia
377 2690 484 2733 derivant.
504 2691 624 2736 Nimirum
641 2693 694 2736 licet
707 2694 817 2751 posterius

108 2761 164 2804 illud
188 2761 290 2806 celsioris
313 2760 378 2804 etiam
394 2759 519 2816 majestatis
539 2762 695 2806 documentum
720 2762 761 2814 sit,
781 2762 817 2804 ba-

660 2843 675 2884 ρ
