1851 3132
154 322 239 366 laudata
248 323 389 385 eloquuntur.
406 321 485 382 Neque
500 323 563 367 aliter
574 323 596 366 iu
608 338 660 381 agro
672 323 788 368 Gadareuo
799 324 853 385 lym-

154 391 255 447 phaticus
270 392 357 434 obviam
367 393 419 433 Jesu
434 391 518 434 lactus:
535 391 608 451 „quid
622 392 756 436 tibimecum
769 394 854 452 negoti,

155 458 197 500 Dei
210 459 239 502 fili
251 459 313 514 (Luc.
328 459 356 511 8,
372 459 408 502 28.
418 459 521 517 parall.)‘?
537 462 584 504 noli
594 459 747 518 intempestive
758 477 793 505 me
807 478 855 505 ern·
917 456 918 460 ¹

156 527 236 572 ciare.“
269 528 329 582 Quid
345 520 415 586 ergo?
431 528 460 570 Ut
476 527 579 572 diabolus
599 545 647 572 enm
663 528 700 572 eui
715 544 802 588 semper
817 530 855 573 ob=

156 595 237 638 stiterit
261 597 349 639 novisse
373 596 445 640 Deum
466 597 548 650 fertur,
570 597 602 639 sic
623 597 669 654 jam
688 598 770 655 perditi
794 597 856 656 genii

157 664 261 721 illiusque
276 664 370 722 imperio
385 665 492 722 subjecti,
509 666 550 722 qui
565 673 589 707 ut
602 664 669 708 Jesus
685 665 728 709 Dei
748 665 808 709 filius
827 666 856 709 ita

158 732 200 789 ipsi
216 731 265 775 eloi
281 747 300 774 r.
316 730 423 790 πονηροῦ
437 732 524 785 (ttauu.
542 733 584 782 15,
599 733 647 788 53.)
662 733 812 792 appellantur,
827 735 856 778 al·

158 801 226 843 terius
242 800 306 859 qnasi
321 801 385 858 regui
400 801 525 860 principem
540 808 638 844 sanctum
654 817 679 844 ac
694 810 806 860 potentem
821 801 858 845 ad-

157 883 206 910 esso
221 869 309 927 sibique
323 869 438 912 imminere
457 870 570 912 celerrime
588 869 693 913 sentiunt.
714 870 814 929 Lepide
829 869 857 912 de

159 935 259 979 Wettius
280 938 306 979 ad
327 937 448 979 secuudum
462 936 548 979 locum:
564 938 616 991 „sie
629 937 741 981 ertemaer
760 938 800 981 itu
818 952 859 981 nus

158 1004 295 1048 reatitrlielrer
318 1005 481 1063 adretipctlu'ess‘
508 1005 618 1048 neminem
646 1005 691 1048 siti
719 1007 789 1064 magis
813 1013 859 1048 tum

158 1079 236 1115 natura
255 1074 369 1116 adversum
393 1082 437 1116 tum
462 1075 560 1131 potentia
585 1073 720 1132 strperiorcm
744 1090 793 1117 esse
818 1075 860 1117 sei·

160 1149 222 1183 entes
238 1141 311 1197 (aliter
332 1140 396 1185 Otsh.
411 1141 428 1184 l.
443 1156 462 1182 e.
480 1156 501 1198 p.
515 1140 579 1195 296).
618 1140 742 1185 Obscurior
760 1141 861 1196 roserit,

161 1209 181 1252 si
195 1210 251 1252 istos
266 1209 382 1266 homines,
397 1208 456 1267 quod
468 1216 567 1251 nostrum
579 1208 695 1267 plerisque
705 1209 800 1261 videtur,
815 1225 861 1252 uon

161 1278 277 1335 spiritibus
292 1277 387 1335 siugulis
408 1275 448 1319 scd
466 1275 550 1319 morbis
568 1292 594 1319 ae
613 1278 702 1320 vesania
721 1277 800 1319 misere
815 1292 861 1319 eor-

161 1353 233 1401 reptos
248 1345 317 1388 fuisse
330 1352 445 1403 putamus,
460 1349 485 1385 nt
500 1358 528 1385 ex
537 1343 714 1403 ipsalurentiom
723 1345 860 1388 conscientia

161 1414 287 1472 perturbata
301 1413 356 1456 haec
375 1412 431 1455 dieta
452 1411 588 1469 prodierint:
609 1428 650 1455 nee
667 1420 727 1463 tum,
749 1414 769 1457 si
788 1429 861 1455 narra-

161 1482 230 1525 tionis
244 1481 300 1524 fides
316 1488 362 1537 est,
378 1481 496 1538 quiequam
511 1480 659 1538 relinquitur,
677 1482 722 1523 nisi
742 1486 768 1524 ut
785 1481 862 1523 adesse

162 1548 266 1593 Messium
281 1556 419 1607 peccatorum
442 1548 594 1604 castigatorem
608 1563 648 1591 seu
662 1550 718 1596 lama
729 1548 817 1593 novisse
831 1563 864 1590 re=

167 1632 259 1675 rumque
274 1624 385 1674 gestarum
401 1615 519 1674 adspectu,
536 1630 574 1657 seu
588 1616 696 1659 ineflabili
707 1617 802 1675 quodam
817 1616 863 1659 ani=

165 1685 196 1728 mi
217 1700 284 1728 sensu
302 1684 401 1727 dieamus
422 1699 460 1726 eos
481 1684 614 1742 percepisse.
650 1683 750 1727 Pertinet
775 1700 865 1744 quoquc

164 1754 254 1808 eodem,
276 1752 336 1811 quod
350 1761 435 1795 satanas
450 1752 474 1794 in
490 1751 576 1795 deserto
594 1751 711 1802 miracula,
728 1753 808 1811 quibus
823 1753 866 1795 Dei

165 1836 189 1864 ne
204 1820 273 1864 lilium
288 1827 406 1878 praestaret
421 1819 452 1876 (εἰ
470 1816 520 1868 υἱὸς
532 1818 554 1862 εἷ
570 1837 591 1865 τ.
611 1824 638 1864 θ.
656 1819 734 1863 ttauh.
757 1821 782 1877 d,
801 1820 823 1864 5.
841 1821 866 1873 6,

165 1890 204 1932 uti
219 1888 306 1931 articuli
322 1888 443 1931 absentiam
458 1896 592 1931 excusarunt
611 1888 724 1932 Fritzselac
741 1889 826 1932 Gomm.
841 1889 865 1943 I,

164 1974 187 2016 p.
203 1957 262 2011 159,
278 1965 299 1999 et
313 1956 340 2000 de
351 1955 428 2002 Wette
443 1955 470 1999 ad
486 1955 540 2000 nat.
556 1955 587 2000 cf.
602 1956 657 2004 Luc.
672 1955 722 2012 d,5
735 1957 768 2014 a),
784 1974 796 2001 a
813 1957 867 2002 Jesn

167 2026 280 2084 flagitavit.

484 2151 498 2206 s
512 2149 548 2192 ro.

239 2289 393 2328 Deaaerttue
410 2286 444 2325 cte
459 2288 527 2326 tocie
543 2290 681 2337 reumaque
696 2288 801 2327 altatae·

225 2367 289 2423 Quae
304 2369 328 2412 iu
344 2366 525 2412 antecedentibus
534 2366 634 2426 exempla
648 2365 727 2424 collegi
736 2361 869 2425 quamquam

168 2435 231 2479 valde
245 2435 304 2481 inter
318 2452 342 2480 se
356 2436 442 2479 diversa
461 2433 484 2476 id
503 2433 576 2478 simile
595 2436 676 2494 opinor
694 2435 790 2489 habent,
810 2434 870 2491 quod

169 2518 252 2546 nomen
266 2512 366 2547 nostrum
373 2511 405 2547 “et
419 2505 446 2546 ab
458 2502 507 2546 'aliis
518 2503 606 2546 tlhristo
618 2503 721 2546 tribuitur
733 2503 805 2560 iisque
819 2515 870 2545 vera

170 2571 213 2614 dde
228 2579 251 2614 et
265 2573 392 2630 cognitione
408 2572 457 2629 ejus
473 2571 571 2615 nondum
586 2571 691 2626 imbutis,
707 2570 727 2613 si
741 2570 822 2613 abnuo
829 2570 871 2613 Pes·

169 2648 204 2684 tro
220 2640 363 2695 discesseris,
379 2656 420 2684 nec
434 2647 477 2683 tam
492 2640 542 2699 ipse
553 2639 619 2683 Jesus
630 2655 695 2700 qnam
710 2637 808 2680 miranda
822 2633 872 2696 ejus

170 2708 268 2769 potentia
283 2715 342 2752 tanta
356 2709 422 2753 laude
432 2712 535 2752 ornatur:
560 2708 621 2767 quod
630 2717 747 2764 utrumque
755 2706 811 2751 bene
821 2723 873 2752 con·
