1851 3132
466 181 485 223 ἃ

408 245 544 252 Μ,-

125 318 258 362 labefactam
282 316 405 376 sententiae
432 317 531 376 pondere
552 315 619 360 ,fideti
641 315 726 360 coristi
748 317 828 366 cultori

126 388 264 446 aliquantum
279 385 397 428 detraxisse
413 394 435 429 et
454 387 519 445 quasi
538 401 551 429 e
571 378 673 428 manibus
691 385 782 430 torsisse
797 387 828 431 ri·

78 455 80 458 ’
94 502 96 506 ,
110 509 114 516 .
126 456 223 500 deamur.
254 455 340 497 Paucae
354 454 453 497 erebrius
462 454 570 498 formulae
582 454 604 496 in
617 452 644 495 NL
660 453 688 496 T.
699 463 828 512 occurrunt,

127 539 192 585 quam
208 525 252 566 duo
267 522 418 580 ilieinsignia
434 521 478 565 Dei
493 530 559 581 atque
569 521 665 565 hominis
681 521 722 566 filii
737 525 828 568 nomina

129 608 199 652 eaque
214 593 244 634 ita
258 591 303 634 sihi
313 590 427 650 opposita,
443 598 468 634 ut
481 590 547 634 tacite
557 591 668 649 opineris,
691 597 763 634 totam
778 607 829 635 son·

129 669 185 705 etam
204 658 291 703 Christi
310 674 428 718 personam
443 659 526 718 optime
536 659 648 715 'ambobus
663 660 829 718 comprehendi.

130 729 193 785 Quid
208 724 274 771 altius
280 722 544 786 ‚·quid,uragni[ieentius
559 734 605 783 est,
617 742 683 785 quam
696 728 777 771 summi
785 727 830 770 Dei

129 797 213 851 fitium,
228 804 289 838 taceo
305 795 363 837 enim
379 794 406 836 de
419 795 487 840 altero
497 795 599 849 nomine,
619 794 664 837 diei
676 794 772 854 aliquem
790 796 832 839 hae

130 869 190 910 terra
204 870 289 906 uatum!
306 864 364 905 Num
379 864 403 906 iu
418 863 488 907 ullum
501 863 613 906 hominem
628 862 667 906 riti
680 864 724 906 hoo
739 879 831 923 corpore

131 933 234 977 indutum
249 934 355 975 honorem
370 938 454 973 tantum
468 931 565 974 conferri
585 937 721 988 pateremur,
746 933 766 975 si
785 948 831 976 nou

130 1002 186 1046 Jesu
200 1000 283 1044 Christi
294 1015 347 1042 eum
362 999 475 1056 proprium
496 1014 544 1041 esse
565 999 671 1041 sciremus
692 1006 715 1042 et
733 1000 832 1051 eredere⁴

131 1069 197 1113 mus?
212 1068 286 1111 Hodie
302 1067 362 1110 enirn
377 1068 421 1110 nisi
434 1067 540 1110 traditum
554 1075 576 1109 et
595 1067 746 1111 confirmatum
766 1068 831 1111 habe·

131 1153 206 1182 remus
218 1136 263 1180 fide
277 1135 429 1190 sanctissima,
445 1149 583 1194 nequaquam
597 1135 678 1194 opinor
691 1136 735 1179 tate
750 1136 831 1195 epithe-

129 1214 172 1250 ton
186 1205 307 1248 fuissemus
318 1204 471 1262 excogitaturi.
501 1201 548 1247 Sed
563 1203 677 1252 effusiores
687 1204 741 1246 olim
755 1212 778 1248 et
791 1205 832 1247 lar·

133 1275 206 1333 giores
221 1280 268 1315 tum
282 1272 363 1315 tutari
381 1270 497 1313 tenatiae
513 1278 589 1328 gentes
599 1271 702 1329 antiquae
716 1272 740 1315 in
755 1273 833 1316 dandis

132 1340 257 1385 honoribus
271 1340 340 1382 fuero.
369 1339 446 1396 ltaque
461 1339 601 1397 percontanti
614 1339 670 1382 mihi
690 1339 755 1398 quid„
764 1341 833 1398 signi·

133 1411 184 1453 iicet
197 1412 240 1453 iste
254 1408 332 1451 titulus
343 1406 491 1461 honorifieus,
507 1407 542 1450 fae
556 1407 612 1449 mihi
622 1407 750 1451 historicum
761 1408 832 1464 iuter·

127 1486 216 1538 protem
230 1476 379 1535 respondere,
396 1474 454 1517 nihil
469 1489 519 1515 eum
533 1474 606 1517 valere
621 1482 707 1532 praeter
721 1474 781 1534 quod
794 1476 833 1520 Ju-

134 1547 184 1589 dae'r
198 1553 252 1588 tune
266 1543 372 1603 temporis
387 1558 413 1585 eo
428 1543 583 1601 expresserint.
617 1542 740 1586 Recurram
754 1544 836 1587 deiude

76 1617 78 1619 ’
134 1614 212 1658 eodem
227 1613 283 1656 duee
298 1612 325 1654 ad
340 1610 419 1653 multas
434 1611 549 1662 hominum
564 1609 709 1654 Orientalium
727 1611 835 1671 hyperbo-

133 1682 179 1736 lae,
195 1681 218 1724 iu
234 1680 362 1724 memoriam
378 1678 486 1722 revocabo
507 1678 640 1722 Graecorum
652 1679 679 1722 de
697 1680 836 1738 quorundam

136 1750 212 1793 divina
234 1749 341 1807 dignitate
359 1746 523 1806 pulcherrimos
543 1748 632 1806 mythos
651 1763 792 1807 summasque
810 1750 836 1792 in

135 1818 214 1877 primis
228 1816 318 1872 laudes,
334 1815 415 1875 quihus
426 1815 577 1858 Hebraeorum
586 1829 657 1872 reges,
667 1806 735 1860 duces
750 1832 775 1866 oe
786 1833 837 1876 pro-

136 1887 215 1945 phetae
230 1885 303 1929 ornati
317 1891 383 1926 suut:
400 1898 441 1925 neo
456 1891 551 1926 metum
566 1885 633 1927 eredo
652 1883 707 1928 Jesu
725 1885 795 1943 gloria
810 1901 835 1929 ae

113 1995 116 1998 ,
135 1953 264 2012 magnitudo
290 1951 354 1996 vaide
375 1949 538 2004 commonebit,
558 1951 632 1995 eadem
652 1951 707 2004 fere,
723 1968 788 2011 quam
804 1962 838 1997 tot

136 2023 175 2065 aiii
193 2022 296 2065 homines
316 2035 357 2062 suo
377 2020 835 2079 temporemeruerunt71audedeeorata.

137 2090 204 2149 Quod
219 2098 332 2147 uteunque
346 2102 371 2131 se
385 2088 458 2141 habet,
473 2087 531 2131 nihil
545 2088 617 2146 magis
629 2088 778 2132 necessarium
788 2090 836 2142 erit,

138 2176 203 2218 quarn
218 2166 251 2213 ut,
267 2157 333 2200 rebus
349 2156 461 2199 historicis
476 2156 548 2214 iisque
564 2157 659 2214 quaein
674 2156 702 2201 V.
716 2157 745 2200 Τ.
758 2158 838 2215 'legun-

138 2235 175 2269 tur
193 2226 285 2269 minime
306 2224 482 2284 praetermissis,
503 2227 621 2283 praecipue
640 2225 664 2268 in
683 2227 710 2269 Ν.
730 2226 760 2269 Τ,
781 2227 838 2271 locis

138 2310 233 2354 quaeum
248 2295 368 2352 poterimus
383 2292 497 2351 diligentia
513 2308 633 2348 versemur,
649 2294 745 2353 indeque
766 2297 837 2340 nomi·

138 2364 175 2406 uis
190 2363 307 2420 utriusque
322 2362 348 2406 ab
364 2361 413 2421 ipso
431 2360 520 2404 Christo
546 2361 598 2403 sibi.
608 2361 687 2406 tributi
706 2366 836 2408 senteutiam

137 2431 286 2491 exploremus

458 2545 478 2601 e.
497 2545 520 2587 e.

195 2636 339 2681 Trausiturus
352 2635 400 2694 jem
414 2635 441 2678 ad
451 2627 589 2695 propositum
604 2636 658 2694 quid
672 2636 742 2680 dicam
753 2637 780 2680 de
789 2621 839 2697 pro·
863 2661 866 2665 ·

140 2707 215 2752 missis
231 2705 337 2751 divinitus
359 2704 465 2748 israelitis
484 2704 553 2759 datis,
578 2720 634 2764 quae
654 2712 740 2764 praeter
762 2722 840 2766 exspe-
