<?xml version="1.0" encoding="UTF-8"?>
<!DOCTYPE html PUBLIC "-//W3C//DTD XHTML 1.0 Transitional//EN"
    "http://www.w3.org/TR/xhtml1/DTD/xhtml1-transitional.dtd">
<html xmlns="http://www.w3.org/1999/xhtml" xml:lang="en" lang="en">
 <head>
  <title>
</title>
<meta http-equiv="Content-Type" content="text/html;charset=utf-8" />
  <meta name='ocr-system' content='tesseract 3.04.00' />
  <meta name='ocr-capabilities' content='ocr_page ocr_carea ocr_par ocr_line ocrx_word'/>
</head>
<body>
  <div class='ocr_page' id='page_1' title='image "./MN41964ucmf_3_0100.png"; bbox 0 0 1851 3132; ppageno 0'>
   <div class='ocr_carea' id='block_1_1' title="bbox 121 308 878 1461">
    <p class='ocr_par' dir='ltr' id='par_1_1' title="bbox 121 308 878 1461">
     <span class='ocr_line' id='line_1_1' title="bbox 121 308 818 368; baseline -0.001 -14"><span class='ocrx_word' id='word_1_1' title='bbox 121 310 213 355; x_wconf 85' lang='lat' dir='ltr'>Davidis</span> <span class='ocrx_word' id='word_1_2' title='bbox 236 310 296 353; x_wconf 89' lang='lat' dir='ltr'>lilius</span> <span class='ocrx_word' id='word_1_3' title='bbox 317 309 414 364; x_wconf 75' lang='lat' dir='ltr'>exstitit,</span> <span class='ocrx_word' id='word_1_4' title='bbox 444 325 456 351; x_wconf 85' lang='lat' dir='ltr'>a</span> <span class='ocrx_word' id='word_1_5' title='bbox 480 308 551 352; x_wconf 84' lang='lat' dir='ltr'>divini</span> <span class='ocrx_word' id='word_1_6' title='bbox 571 310 663 368; x_wconf 87' lang='lat' dir='ltr'>spiritus</span> <span class='ocrx_word' id='word_1_7' title='bbox 688 308 818 354; x_wconf 78' lang='lat' dir='ltr'>excellentia</span> 
     </span>
     <span class='ocr_line' id='line_1_2' title="bbox 123 376 816 437; baseline 0.001 -17"><span class='ocrx_word' id='word_1_8' title='bbox 123 379 252 422; x_wconf 87' lang='lat' dir='ltr'>discernens</span> <span class='ocrx_word' id='word_1_9' title='bbox 267 388 289 421; x_wconf 87' lang='lat' dir='ltr'>ct</span> <span class='ocrx_word' id='word_1_10' title='bbox 304 378 463 437; x_wconf 86' lang='lat' dir='ltr'>quodammodo</span> <span class='ocrx_word' id='word_1_11' title='bbox 479 377 534 420; x_wconf 79' lang='lat' dir='ltr'>duas</span> <span class='ocrx_word' id='word_1_12' title='bbox 549 376 665 436; x_wconf 89' lang='lat' dir='ltr'>qualitates</span> <span class='ocrx_word' id='word_1_13' title='bbox 675 378 711 422; x_wconf 86' lang='lat' dir='ltr'>vel</span> <span class='ocrx_word' id='word_1_14' title='bbox 720 384 816 428; x_wconf 83' lang='lat' dir='ltr'>naturas,</span> 
     </span>
     <span class='ocr_line' id='line_1_3' title="bbox 121 445 818 503; baseline -0.001 -15"><span class='ocrx_word' id='word_1_15' title='bbox 121 448 141 489; x_wconf 91' lang='lat' dir='ltr'>si</span> <span class='ocrx_word' id='word_1_16' title='bbox 156 462 191 488; x_wconf 87' lang='lat' dir='ltr'>mc</span> <span class='ocrx_word' id='word_1_17' title='bbox 206 448 238 489; x_wconf 87' lang='lat' dir='ltr'>uti</span> <span class='ocrx_word' id='word_1_18' title='bbox 254 448 294 489; x_wconf 86' lang='lat' dir='ltr'>bac</span> <span class='ocrx_word' id='word_1_19' title='bbox 309 462 363 489; x_wconf 89' lang='lat' dir='ltr'>voce</span> <span class='ocrx_word' id='word_1_20' title='bbox 379 445 473 503; x_wconf 78' lang='lat' dir='ltr'>pateris,</span> <span class='ocrx_word' id='word_1_21' title='bbox 488 452 586 489; x_wconf 82' lang='lat' dir='ltr'>statuens</span> <span class='ocrx_word' id='word_1_22' title='bbox 596 452 643 488; x_wconf 84' lang='lat' dir='ltr'>tum</span> <span class='ocrx_word' id='word_1_23' title='bbox 656 445 762 491; x_wconf 82' lang='lat' dir='ltr'>historica</span> <span class='ocrx_word' id='word_1_24' title='bbox 771 453 818 489; x_wconf 84' lang='lat' dir='ltr'>tum</span> 
     </span>
     <span class='ocr_line' id='line_1_4' title="bbox 121 513 818 575; baseline 0.003 -19"><span class='ocrx_word' id='word_1_25' title='bbox 121 514 188 557; x_wconf 81' lang='lat' dir='ltr'>ideali</span> <span class='ocrx_word' id='word_1_26' title='bbox 203 515 288 558; x_wconf 85' lang='lat' dir='ltr'>ratione</span> <span class='ocrx_word' id='word_1_27' title='bbox 303 515 330 557; x_wconf 86' lang='lat' dir='ltr'>dc</span> <span class='ocrx_word' id='word_1_28' title='bbox 344 513 388 556; x_wconf 90' lang='lat' dir='ltr'>Dei</span> <span class='ocrx_word' id='word_1_29' title='bbox 402 513 449 556; x_wconf 87' lang='lat' dir='ltr'>lilio</span> <span class='ocrx_word' id='word_1_30' title='bbox 468 514 649 574; x_wconf 71' lang='lat' dir='ltr'>philosophatur:</span> <span class='ocrx_word' id='word_1_31' title='bbox 673 513 725 557; x_wconf 88' lang='lat' dir='ltr'>dnm</span> <span class='ocrx_word' id='word_1_32' title='bbox 744 516 818 575; x_wconf 72' lang='lat' dir='ltr'>mysti-</span> 
     </span>
     <span class='ocr_line' id='line_1_5' title="bbox 122 582 819 640; baseline 0.004 -16"><span class='ocrx_word' id='word_1_33' title='bbox 122 598 172 625; x_wconf 91' lang='lat' dir='ltr'>cum</span> <span class='ocrx_word' id='word_1_34' title='bbox 187 583 315 640; x_wconf 77' lang='lat' dir='ltr'>tbcologum</span> <span class='ocrx_word' id='word_1_35' title='bbox 330 583 436 625; x_wconf 83' lang='lat' dir='ltr'>babemus</span> <span class='ocrx_word' id='word_1_36' title='bbox 450 582 574 626; x_wconf 89' lang='lat' dir='ltr'>Jobannem</span> <span class='ocrx_word' id='word_1_37' title='bbox 594 583 682 625; x_wconf 80' lang='lat' dir='ltr'>inteauo</span> <span class='ocrx_word' id='word_1_38' title='bbox 701 584 735 626; x_wconf 90' lang='lat' dir='ltr'>sni</span> <span class='ocrx_word' id='word_1_39' title='bbox 751 583 819 627; x_wconf 88' lang='lat' dir='ltr'>animi</span> 
     </span>
     <span class='ocr_line' id='line_1_6' title="bbox 121 645 817 710; baseline 0.004 -19"><span class='ocrx_word' id='word_1_40' title='bbox 121 665 189 693; x_wconf 85' lang='lat' dir='ltr'>sensu</span> <span class='ocrx_word' id='word_1_41' title='bbox 198 666 315 708; x_wconf 75' lang='lat' dir='ltr'>rerumque</span> <span class='ocrx_word' id='word_1_42' title='bbox 325 645 472 693; x_wconf 68' lang='lat' dir='ltr'>invisibilium</span> <span class='ocrx_word' id='word_1_43' title='bbox 483 650 667 709; x_wconf 76' lang='lat' dir='ltr'>contemplatione</span> <span class='ocrx_word' id='word_1_44' title='bbox 678 659 817 710; x_wconf 74' lang='lat' dir='ltr'>occupatum.</span> 
     </span>
     <span class='ocr_line' id='line_1_7' title="bbox 121 716 819 777; baseline 0.003 -17"><span class='ocrx_word' id='word_1_45' title='bbox 121 717 177 760; x_wconf 86' lang='lat' dir='ltr'>Late</span> <span class='ocrx_word' id='word_1_46' title='bbox 191 726 250 777; x_wconf 87' lang='lat' dir='ltr'>patet</span> <span class='ocrx_word' id='word_1_47' title='bbox 265 720 323 761; x_wconf 89' lang='lat' dir='ltr'>enim</span> <span class='ocrx_word' id='word_1_48' title='bbox 339 718 400 761; x_wconf 91' lang='lat' dir='ltr'>illius</span> <span class='ocrx_word' id='word_1_49' title='bbox 415 721 440 761; x_wconf 72' lang='lat' dir='ltr'>du</span> <span class='ocrx_word' id='word_1_50' title='bbox 455 716 526 768; x_wconf 71' lang='grc' dir='ltr'><em>εἶναι,</em></span> <span class='ocrx_word' id='word_1_51' title='bbox 549 733 617 776; x_wconf 81' lang='lat' dir='ltr'>qurrm</span> <span class='ocrx_word' id='word_1_52' title='bbox 633 720 735 762; x_wconf 88' lang='lat' dir='ltr'>intimum</span> <span class='ocrx_word' id='word_1_53' title='bbox 751 721 819 762; x_wconf 85' lang='lat' dir='ltr'>bomi·</span> 
     </span>
     <span class='ocr_line' id='line_1_8' title="bbox 122 789 820 846; baseline 0.004 -18"><span class='ocrx_word' id='word_1_54' title='bbox 122 801 176 829; x_wconf 90' lang='lat' dir='ltr'>num</span> <span class='ocrx_word' id='word_1_55' title='bbox 200 794 277 844; x_wconf 88' lang='lat' dir='ltr'>pectus</span> <span class='ocrx_word' id='word_1_56' title='bbox 301 794 429 845; x_wconf 77' lang='lat' dir='ltr'>mentesque</span> <span class='ocrx_word' id='word_1_57' title='bbox 453 796 550 844; x_wconf 77' lang='lat' dir='ltr'>spectet,</span> <span class='ocrx_word' id='word_1_58' title='bbox 580 802 634 845; x_wconf 81' lang='lat' dir='ltr'>quae</span> <span class='ocrx_word' id='word_1_59' title='bbox 656 789 749 846; x_wconf 86' lang='lat' dir='ltr'>primum</span> <span class='ocrx_word' id='word_1_60' title='bbox 769 804 820 831; x_wconf 93' lang='lat' dir='ltr'>cum</span> 
     </span>
     <span class='ocr_line' id='line_1_9' title="bbox 122 853 820 915; baseline 0 -16"><span class='ocrx_word' id='word_1_61' title='bbox 122 853 168 899; x_wconf 84' lang='lat' dir='ltr'>Dei</span> <span class='ocrx_word' id='word_1_62' title='bbox 182 853 238 911; x_wconf 85' lang='lat' dir='ltr'>filio,</span> <span class='ocrx_word' id='word_1_63' title='bbox 254 855 333 898; x_wconf 87' lang='lat' dir='ltr'>deinde</span> <span class='ocrx_word' id='word_1_64' title='bbox 343 870 392 897; x_wconf 89' lang='lat' dir='ltr'>cum</span> <span class='ocrx_word' id='word_1_65' title='bbox 406 863 467 913; x_wconf 81' lang='lat' dir='ltr'>patre</span> <span class='ocrx_word' id='word_1_66' title='bbox 482 855 614 911; x_wconf 83' lang='lat' dir='ltr'>conjunctae</span> <span class='ocrx_word' id='word_1_67' title='bbox 629 855 652 897; x_wconf 89' lang='lat' dir='ltr'>iu</span> <span class='ocrx_word' id='word_1_68' title='bbox 668 871 736 898; x_wconf 88' lang='lat' dir='ltr'>uuum</span> <span class='ocrx_word' id='word_1_69' title='bbox 751 857 820 915; x_wconf 80' lang='lat' dir='ltr'>quod-</span> 
     </span>
     <span class='ocr_line' id='line_1_10' title="bbox 124 922 822 985; baseline 0.006 -20"><span class='ocrx_word' id='word_1_70' title='bbox 124 922 172 966; x_wconf 89' lang='lat' dir='ltr'>dam</span> <span class='ocrx_word' id='word_1_71' title='bbox 189 923 287 982; x_wconf 88' lang='lat' dir='ltr'>spiritale</span> <span class='ocrx_word' id='word_1_72' title='bbox 305 938 386 982; x_wconf 88' lang='lat' dir='ltr'>corpus</span> <span class='ocrx_word' id='word_1_73' title='bbox 406 922 531 985; x_wconf 75' lang='lat' dir='ltr'>coalescere</span> <span class='ocrx_word' id='word_1_74' title='bbox 547 922 646 966; x_wconf 88' lang='lat' dir='ltr'>debeant.</span> <span class='ocrx_word' id='word_1_75' title='bbox 681 923 769 967; x_wconf 83' lang='lat' dir='ltr'>Deinde</span> <span class='ocrx_word' id='word_1_76' title='bbox 783 924 822 969; x_wconf 86' lang='lat' dir='ltr'>Jo-</span> 
     </span>
     <span class='ocr_line' id='line_1_11' title="bbox 123 989 821 1051; baseline 0 -16"><span class='ocrx_word' id='word_1_77' title='bbox 123 992 264 1035; x_wconf 85' lang='lat' dir='ltr'>hanuiillud</span> <span class='ocrx_word' id='word_1_78' title='bbox 279 992 395 1050; x_wconf 84' lang='lat' dir='ltr'>proprium</span> <span class='ocrx_word' id='word_1_79' title='bbox 410 1000 459 1046; x_wconf 83' lang='lat' dir='ltr'>cst,</span> <span class='ocrx_word' id='word_1_80' title='bbox 487 990 546 1050; x_wconf 82' lang='lat' dir='ltr'>quod</span> <span class='ocrx_word' id='word_1_81' title='bbox 560 989 628 1050; x_wconf 64' lang='grc' dir='ltr'><strong><em>λόγου</em></strong></span> <span class='ocrx_word' id='word_1_82' title='bbox 643 1006 697 1035; x_wconf 88' lang='lat' dir='ltr'>voce</span> <span class='ocrx_word' id='word_1_83' title='bbox 712 1000 733 1035; x_wconf 89' lang='lat' dir='ltr'>et</span> <span class='ocrx_word' id='word_1_84' title='bbox 747 994 821 1051; x_wconf 87' lang='lat' dir='ltr'>specie</span> 
     </span>
     <span class='ocr_line' id='line_1_12' title="bbox 123 1058 822 1119; baseline 0.003 -16"><span class='ocrx_word' id='word_1_85' title='bbox 123 1061 238 1119; x_wconf 84' lang='lat' dir='ltr'>proposita</span> <span class='ocrx_word' id='word_1_86' title='bbox 253 1058 352 1103; x_wconf 79' lang='lat' dir='ltr'>Deifitii</span> <span class='ocrx_word' id='word_1_87' title='bbox 367 1075 450 1102; x_wconf 88' lang='lat' dir='ltr'>numen</span> <span class='ocrx_word' id='word_1_88' title='bbox 469 1058 496 1102; x_wconf 80' lang='lat' dir='ltr'>ab</span> <span class='ocrx_word' id='word_1_89' title='bbox 516 1060 611 1103; x_wconf 87' lang='lat' dir='ltr'>humana</span> <span class='ocrx_word' id='word_1_90' title='bbox 629 1059 677 1116; x_wconf 83' lang='lat' dir='ltr'>ejus</span> <span class='ocrx_word' id='word_1_91' title='bbox 696 1061 782 1104; x_wconf 85' lang='lat' dir='ltr'>visione</span> <span class='ocrx_word' id='word_1_92' title='bbox 797 1077 822 1105; x_wconf 85' lang='lat' dir='ltr'>ec</span> 
     </span>
     <span class='ocr_line' id='line_1_13' title="bbox 123 1126 878 1187; baseline 0.004 -17"><span class='ocrx_word' id='word_1_93' title='bbox 123 1144 218 1187; x_wconf 83' lang='lat' dir='ltr'>persona</span> <span class='ocrx_word' id='word_1_94' title='bbox 233 1128 348 1179; x_wconf 82' lang='lat' dir='ltr'>discernit,</span> <span class='ocrx_word' id='word_1_95' title='bbox 365 1143 421 1187; x_wconf 85' lang='lat' dir='ltr'>quac</span> <span class='ocrx_word' id='word_1_96' title='bbox 431 1126 543 1186; x_wconf 84' lang='lat' dir='ltr'>loquendo</span> <span class='ocrx_word' id='word_1_97' title='bbox 554 1128 635 1171; x_wconf 87' lang='lat' dir='ltr'>Paulus</span> <span class='ocrx_word' id='word_1_98' title='bbox 644 1130 752 1172; x_wconf 85' lang='lat' dir='ltr'>interdum</span> <span class='ocrx_word' id='word_1_99' title='bbox 763 1144 822 1172; x_wconf 85' lang='lat' dir='ltr'>com·</span> <span class='ocrx_word' id='word_1_100' title='bbox 875 1169 878 1173; x_wconf 88' lang='lat'>.</span> 
     </span>
     <span class='ocr_line' id='line_1_14' title="bbox 124 1196 822 1255; baseline 0.003 -16"><span class='ocrx_word' id='word_1_101' title='bbox 124 1205 193 1240; x_wconf 86' lang='lat' dir='ltr'>mutat</span> <span class='ocrx_word' id='word_1_102' title='bbox 213 1205 278 1254; x_wconf 87' lang='lat' dir='ltr'>atquc</span> <span class='ocrx_word' id='word_1_103' title='bbox 299 1196 408 1238; x_wconf 86' lang='lat' dir='ltr'>nonnulla</span> <span class='ocrx_word' id='word_1_104' title='bbox 427 1196 454 1238; x_wconf 81' lang='lat' dir='ltr'>ad</span> <span class='ocrx_word' id='word_1_105' title='bbox 472 1196 535 1239; x_wconf 85' lang='lat' dir='ltr'>illum</span> <span class='ocrx_word' id='word_1_106' title='bbox 555 1197 686 1255; x_wconf 84' lang='lat' dir='ltr'>praesertim</span> <span class='ocrx_word' id='word_1_107' title='bbox 706 1198 822 1241; x_wconf 82' lang='lat' dir='ltr'>referenda</span> 
     </span>
     <span class='ocr_line' id='line_1_15' title="bbox 124 1257 823 1323; baseline 0.001 -15"><span class='ocrx_word' id='word_1_108' title='bbox 124 1265 179 1308; x_wconf 80' lang='lat' dir='ltr'>Jcsu</span> <span class='ocrx_word' id='word_1_109' title='bbox 195 1263 298 1320; x_wconf 75' lang='lat' dir='ltr'>Christo,</span> <span class='ocrx_word' id='word_1_110' title='bbox 317 1279 357 1322; x_wconf 88' lang='lat' dir='ltr'>per</span> <span class='ocrx_word' id='word_1_111' title='bbox 370 1257 512 1322; x_wconf 53' lang='grc' dir='ltr'>κατάχρησαι</span> <span class='ocrx_word' id='word_1_112' title='bbox 525 1265 568 1307; x_wconf 85' lang='lat' dir='ltr'>hoc</span> <span class='ocrx_word' id='word_1_113' title='bbox 583 1265 674 1307; x_wconf 87' lang='lat' dir='ltr'>nomine</span> <span class='ocrx_word' id='word_1_114' title='bbox 689 1266 777 1323; x_wconf 84' lang='lat' dir='ltr'>posito,</span> <span class='ocrx_word' id='word_1_115' title='bbox 797 1273 823 1309; x_wconf 90' lang='lat' dir='ltr'>ut</span> 
     </span>
     <span class='ocr_line' id='line_1_16' title="bbox 125 1331 821 1392; baseline 0 -15"><span class='ocrx_word' id='word_1_116' title='bbox 125 1334 220 1379; x_wconf 89' lang='lat' dir='ltr'>vidimus</span> <span class='ocrx_word' id='word_1_117' title='bbox 236 1332 317 1376; x_wconf 85' lang='lat' dir='ltr'>tribuit.</span> <span class='ocrx_word' id='word_1_118' title='bbox 352 1331 457 1391; x_wconf 87' lang='lat' dir='ltr'>Denique</span> <span class='ocrx_word' id='word_1_119' title='bbox 477 1347 489 1374; x_wconf 89' lang='lat' dir='ltr'>e</span> <span class='ocrx_word' id='word_1_120' title='bbox 507 1331 610 1376; x_wconf 77' lang='lat' dir='ltr'>dobanne</span> <span class='ocrx_word' id='word_1_121' title='bbox 630 1348 686 1392; x_wconf 75' lang='lat' dir='ltr'>qliae</span> <span class='ocrx_word' id='word_1_122' title='bbox 705 1333 821 1391; x_wconf 77' lang='lat' dir='ltr'>discimus,</span> 
     </span>
     <span class='ocr_line' id='line_1_17' title="bbox 125 1398 822 1461; baseline 0 -16"><span class='ocrx_word' id='word_1_123' title='bbox 125 1401 240 1445; x_wconf 80' lang='lat' dir='ltr'>maximam</span> <span class='ocrx_word' id='word_1_124' title='bbox 256 1410 338 1461; x_wconf 86' lang='lat' dir='ltr'>partem</span> <span class='ocrx_word' id='word_1_125' title='bbox 354 1398 438 1442; x_wconf 82' lang='lat' dir='ltr'>Christi</span> <span class='ocrx_word' id='word_1_126' title='bbox 449 1401 587 1445; x_wconf 81' lang='lat' dir='ltr'>sermonibus</span> <span class='ocrx_word' id='word_1_127' title='bbox 598 1402 822 1461; x_wconf 80' lang='lat' dir='ltr'>comprehenduntur,</span> 
     </span>
    </p>
   </div>
   <div class='ocr_carea' id='block_1_2' title="bbox 125 1468 895 1527">
    <p class='ocr_par' dir='ltr' id='par_1_2' title="bbox 125 1468 895 1527">
     <span class='ocr_line' id='line_1_18' title="bbox 125 1468 895 1527; baseline 0 -13"><span class='ocrx_word' id='word_1_128' title='bbox 125 1471 185 1514; x_wconf 90' lang='lat' dir='ltr'>unde</span> <span class='ocrx_word' id='word_1_129' title='bbox 200 1470 337 1527; x_wconf 81' lang='lat' dir='ltr'>singularum</span> <span class='ocrx_word' id='word_1_130' title='bbox 352 1468 511 1511; x_wconf 87' lang='lat' dir='ltr'>sententiarum</span> <span class='ocrx_word' id='word_1_131' title='bbox 526 1469 649 1512; x_wconf 84' lang='lat' dir='ltr'>differentia</span> <span class='ocrx_word' id='word_1_132' title='bbox 659 1469 733 1527; x_wconf 80' lang='lat' dir='ltr'>alique</span> <span class='ocrx_word' id='word_1_133' title='bbox 744 1471 822 1524; x_wconf 81' lang='lat' dir='ltr'>oritur,</span> <span class='ocrx_word' id='word_1_134' title='bbox 889 1512 895 1518; x_wconf 78' lang='grc'><strong><em>,</em></strong></span> 
     </span>
    </p>
   </div>
   <div class='ocr_carea' id='block_1_3' title="bbox 126 1537 831 2146">
    <p class='ocr_par' dir='ltr' id='par_1_3' title="bbox 126 1537 831 2146">
     <span class='ocr_line' id='line_1_19' title="bbox 126 1537 831 1599; baseline 0.004 -18"><span class='ocrx_word' id='word_1_135' title='bbox 126 1540 186 1599; x_wconf 85' lang='lat' dir='ltr'>qaod</span> <span class='ocrx_word' id='word_1_136' title='bbox 200 1540 237 1582; x_wconf 84' lang='lat' dir='ltr'>bic</span> <span class='ocrx_word' id='word_1_137' title='bbox 256 1538 334 1583; x_wconf 86' lang='lat' dir='ltr'>Jesum</span> <span class='ocrx_word' id='word_1_138' title='bbox 352 1537 425 1583; x_wconf 85' lang='lat' dir='ltr'>vivum</span> <span class='ocrx_word' id='word_1_139' title='bbox 447 1544 512 1595; x_wconf 85' lang='lat' dir='ltr'>atque</span> <span class='ocrx_word' id='word_1_140' title='bbox 532 1545 670 1595; x_wconf 89' lang='lat' dir='ltr'>praesentem</span> <span class='ocrx_word' id='word_1_141' title='bbox 689 1539 716 1581; x_wconf 90' lang='lat' dir='ltr'>de</span> <span class='ocrx_word' id='word_1_142' title='bbox 736 1541 831 1599; x_wconf 85' lang='lat' dir='ltr'>seipse</span> 
     </span>
     <span class='ocr_line' id='line_1_20' title="bbox 126 1604 823 1666; baseline 0.003 -17"><span class='ocrx_word' id='word_1_143' title='bbox 126 1622 183 1666; x_wconf 73' lang='lat' dir='ltr'>quiae</span> <span class='ocrx_word' id='word_1_144' title='bbox 205 1607 304 1665; x_wconf 86' lang='lat' dir='ltr'>disputat</span> <span class='ocrx_word' id='word_1_145' title='bbox 326 1604 441 1656; x_wconf 76' lang='lat' dir='ltr'>audimus,</span> <span class='ocrx_word' id='word_1_146' title='bbox 474 1604 522 1647; x_wconf 92' lang='lat' dir='ltr'>illic</span> <span class='ocrx_word' id='word_1_147' title='bbox 551 1620 602 1648; x_wconf 88' lang='lat' dir='ltr'>vero</span> <span class='ocrx_word' id='word_1_148' title='bbox 628 1606 753 1664; x_wconf 88' lang='lat' dir='ltr'>apostolum</span> <span class='ocrx_word' id='word_1_149' title='bbox 776 1610 823 1666; x_wconf 86' lang='lat' dir='ltr'>jam</span> 
     </span>
     <span class='ocr_line' id='line_1_21' title="bbox 126 1672 821 1733; baseline 0.012 -21"><span class='ocrx_word' id='word_1_150' title='bbox 126 1683 224 1719; x_wconf 66' lang='lat' dir='ltr'>exactam</span> <span class='ocrx_word' id='word_1_151' title='bbox 246 1682 312 1718; x_wconf 74' lang='lat' dir='ltr'>totam</span> <span class='ocrx_word' id='word_1_152' title='bbox 329 1672 422 1717; x_wconf 73' lang='lat' dir='ltr'>Christi</span> <span class='ocrx_word' id='word_1_153' title='bbox 441 1672 507 1715; x_wconf 88' lang='lat' dir='ltr'>vitam</span> <span class='ocrx_word' id='word_1_154' title='bbox 532 1673 685 1733; x_wconf 81' lang='lat' dir='ltr'>respicientem</span> <span class='ocrx_word' id='word_1_155' title='bbox 707 1676 821 1720; x_wconf 86' lang='lat' dir='ltr'>habemus.</span> 
     </span>
     <span class='ocr_line' id='line_1_22' title="bbox 128 1740 824 1805; baseline 0.003 -18"><span class='ocrx_word' id='word_1_156' title='bbox 128 1744 268 1803; x_wconf 79' lang='lat' dir='ltr'>Quapropter</span> <span class='ocrx_word' id='word_1_157' title='bbox 283 1758 304 1787; x_wconf 88' lang='lat' dir='ltr'>v.</span> <span class='ocrx_word' id='word_1_158' title='bbox 321 1758 340 1785; x_wconf 90' lang='lat' dir='ltr'>c.</span> <span class='ocrx_word' id='word_1_159' title='bbox 358 1740 483 1797; x_wconf 86' lang='lat' dir='ltr'>subjectum</span> <span class='ocrx_word' id='word_1_160' title='bbox 502 1756 552 1784; x_wconf 85' lang='lat' dir='ltr'>csse</span> <span class='ocrx_word' id='word_1_161' title='bbox 569 1741 639 1785; x_wconf 84' lang='lat' dir='ltr'>tilium</span> <span class='ocrx_word' id='word_1_162' title='bbox 658 1745 715 1802; x_wconf 84' lang='lat' dir='ltr'>patri</span> <span class='ocrx_word' id='word_1_163' title='bbox 731 1745 824 1805; x_wconf 87' lang='lat' dir='ltr'>ejusque</span> 
     </span>
     <span class='ocr_line' id='line_1_23' title="bbox 127 1810 823 1872; baseline 0.003 -17"><span class='ocrx_word' id='word_1_164' title='bbox 127 1812 222 1856; x_wconf 84' lang='lat' dir='ltr'>consilio</span> <span class='ocrx_word' id='word_1_165' title='bbox 237 1811 343 1870; x_wconf 80' lang='lat' dir='ltr'>obsequi,</span> <span class='ocrx_word' id='word_1_166' title='bbox 367 1810 437 1852; x_wconf 89' lang='lat' dir='ltr'>multo</span> <span class='ocrx_word' id='word_1_167' title='bbox 453 1810 541 1868; x_wconf 88' lang='lat' dir='ltr'>saepius</span> <span class='ocrx_word' id='word_1_168' title='bbox 556 1811 614 1870; x_wconf 88' lang='lat' dir='ltr'>apud</span> <span class='ocrx_word' id='word_1_169' title='bbox 629 1810 753 1872; x_wconf 79' lang='lat' dir='ltr'>Jolmuucm</span> <span class='ocrx_word' id='word_1_170' title='bbox 769 1814 823 1872; x_wconf 86' lang='lat' dir='ltr'>legi·</span> 
     </span>
     <span class='ocr_line' id='line_1_24' title="bbox 127 1878 824 1942; baseline 0.001 -19"><span class='ocrx_word' id='word_1_171' title='bbox 127 1896 176 1924; x_wconf 90' lang='lat' dir='ltr'>mus</span> <span class='ocrx_word' id='word_1_172' title='bbox 192 1889 213 1922; x_wconf 88' lang='lat' dir='ltr'>et</span> <span class='ocrx_word' id='word_1_173' title='bbox 233 1895 259 1922; x_wconf 82' lang='lat' dir='ltr'>ex</span> <span class='ocrx_word' id='word_1_174' title='bbox 279 1880 328 1935; x_wconf 86' lang='lat' dir='ltr'>ipso</span> <span class='ocrx_word' id='word_1_175' title='bbox 347 1878 402 1922; x_wconf 82' lang='lat' dir='ltr'>Jcsn</span> <span class='ocrx_word' id='word_1_176' title='bbox 422 1878 527 1936; x_wconf 82' lang='lat' dir='ltr'>loquente</span> <span class='ocrx_word' id='word_1_177' title='bbox 546 1879 657 1931; x_wconf 80' lang='lat' dir='ltr'>audimus,</span> <span class='ocrx_word' id='word_1_178' title='bbox 683 1881 747 1939; x_wconf 79' lang='lat' dir='ltr'>quam</span> <span class='ocrx_word' id='word_1_179' title='bbox 766 1883 824 1942; x_wconf 78' lang='lat' dir='ltr'>aprid</span> 
     </span>
     <span class='ocr_line' id='line_1_25' title="bbox 127 1946 825 2004; baseline 0.003 -12"><span class='ocrx_word' id='word_1_180' title='bbox 127 1949 226 1999; x_wconf 78' lang='lat' dir='ltr'>Paulum,</span> <span class='ocrx_word' id='word_1_181' title='bbox 244 1963 310 2004; x_wconf 83' lang='lat' dir='ltr'>quma</span> <span class='ocrx_word' id='word_1_182' title='bbox 325 1962 372 1990; x_wconf 90' lang='lat' dir='ltr'>nou</span> <span class='ocrx_word' id='word_1_183' title='bbox 387 1946 482 2004; x_wconf 85' lang='lat' dir='ltr'>amplius</span> <span class='ocrx_word' id='word_1_184' title='bbox 497 1946 556 1990; x_wconf 78' lang='lat' dir='ltr'>iuter</span> <span class='ocrx_word' id='word_1_185' title='bbox 571 1948 673 1990; x_wconf 87' lang='lat' dir='ltr'>homines</span> <span class='ocrx_word' id='word_1_186' title='bbox 688 1949 825 1995; x_wconf 80' lang='lat' dir='ltr'>laborantem</span> 
     </span>
     <span class='ocr_line' id='line_1_26' title="bbox 127 2013 825 2077; baseline 0.003 -17"><span class='ocrx_word' id='word_1_187' title='bbox 127 2026 192 2077; x_wconf 83' lang='lat' dir='ltr'>atque</span> <span class='ocrx_word' id='word_1_188' title='bbox 217 2016 323 2059; x_wconf 81' lang='lat' dir='ltr'>afflictum</span> <span class='ocrx_word' id='word_1_189' title='bbox 348 2013 472 2070; x_wconf 80' lang='lat' dir='ltr'>Christum,</span> <span class='ocrx_word' id='word_1_190' title='bbox 506 2031 586 2059; x_wconf 81' lang='lat' dir='ltr'>verum</span> <span class='ocrx_word' id='word_1_191' title='bbox 606 2024 706 2074; x_wconf 80' lang='lat' dir='ltr'>agentem</span> <span class='ocrx_word' id='word_1_192' title='bbox 731 2018 825 2062; x_wconf 86' lang='lat' dir='ltr'>coeleste</span> 
     </span>
     <span class='ocr_line' id='line_1_27' title="bbox 127 2083 824 2146; baseline 0.001 -17"><span class='ocrx_word' id='word_1_193' title='bbox 127 2101 220 2146; x_wconf 81' lang='lat' dir='ltr'>regnum</span> <span class='ocrx_word' id='word_1_194' title='bbox 239 2092 261 2128; x_wconf 87' lang='lat' dir='ltr'>et</span> <span class='ocrx_word' id='word_1_195' title='bbox 274 2087 298 2128; x_wconf 90' lang='lat' dir='ltr'>in</span> <span class='ocrx_word' id='word_1_196' title='bbox 310 2083 377 2144; x_wconf 84' lang='lat' dir='ltr'>patris</span> <span class='ocrx_word' id='word_1_197' title='bbox 388 2084 445 2127; x_wconf 87' lang='lat' dir='ltr'>solio</span> <span class='ocrx_word' id='word_1_198' title='bbox 460 2083 595 2128; x_wconf 83' lang='lat' dir='ltr'>adorandum</span> <span class='ocrx_word' id='word_1_199' title='bbox 606 2085 717 2130; x_wconf 79' lang='lat' dir='ltr'>celebrare</span> <span class='ocrx_word' id='word_1_200' title='bbox 727 2085 824 2131; x_wconf 86' lang='lat' dir='ltr'>decebat.</span> 
     </span>
    </p>
   </div>
   <div class='ocr_carea' id='block_1_4' title="bbox 441 2240 520 2304">
    <p class='ocr_par' dir='ltr' id='par_1_4' title="bbox 441 2240 520 2304">
     <span class='ocr_line' id='line_1_28' title="bbox 441 2240 520 2304; baseline 0.013 -20"><span class='ocrx_word' id='word_1_201' title='bbox 441 2240 461 2304; x_wconf 64' lang='lat' dir='ltr'>g.</span> <span class='ocrx_word' id='word_1_202' title='bbox 475 2242 520 2285; x_wconf 74' lang='lat' dir='ltr'>nu</span> 
     </span>
    </p>
   </div>
   <div class='ocr_carea' id='block_1_5' title="bbox 370 2334 591 2382">
    <p class='ocr_par' dir='ltr' id='par_1_5' title="bbox 370 2334 591 2382">
     <span class='ocr_line' id='line_1_29' title="bbox 370 2334 591 2382; baseline -0.005 -7"><span class='ocrx_word' id='word_1_203' title='bbox 370 2334 591 2382; x_wconf 59' lang='lat' dir='ltr'>evaeorum„</span> 
     </span>
    </p>
   </div>
   <div class='ocr_carea' id='block_1_6' title="bbox 127 2424 835 2761">
    <p class='ocr_par' dir='ltr' id='par_1_6' title="bbox 127 2424 835 2761">
     <span class='ocr_line' id='line_1_30' title="bbox 185 2424 826 2483; baseline 0.003 -13"><span class='ocrx_word' id='word_1_204' title='bbox 185 2425 245 2483; x_wconf 83' lang='lat' dir='ltr'>Quid</span> <span class='ocrx_word' id='word_1_205' title='bbox 260 2424 287 2469; x_wconf 89' lang='lat' dir='ltr'>de</span> <span class='ocrx_word' id='word_1_206' title='bbox 302 2426 369 2483; x_wconf 85' lang='lat' dir='ltr'>hujus</span> <span class='ocrx_word' id='word_1_207' title='bbox 379 2425 476 2470; x_wconf 85' lang='lat' dir='ltr'>nominis</span> <span class='ocrx_word' id='word_1_208' title='bbox 490 2441 541 2470; x_wconf 88' lang='lat' dir='ltr'>vera</span> <span class='ocrx_word' id='word_1_209' title='bbox 551 2426 573 2470; x_wconf 90' lang='lat' dir='ltr'>vi</span> <span class='ocrx_word' id='word_1_210' title='bbox 583 2433 606 2469; x_wconf 87' lang='lat' dir='ltr'>et</span> <span class='ocrx_word' id='word_1_211' title='bbox 615 2427 723 2471; x_wconf 86' lang='lat' dir='ltr'>sententia</span> <span class='ocrx_word' id='word_1_212' title='bbox 734 2428 826 2472; x_wconf 90' lang='lat' dir='ltr'>omnino</span> 
     </span>
     <span class='ocr_line' id='line_1_31' title="bbox 128 2494 826 2555; baseline -0.001 -15"><span class='ocrx_word' id='word_1_213' title='bbox 128 2496 267 2540; x_wconf 87' lang='lat' dir='ltr'>statuendum</span> <span class='ocrx_word' id='word_1_214' title='bbox 283 2495 319 2546; x_wconf 86' lang='lat' dir='ltr'>sit,</span> <span class='ocrx_word' id='word_1_215' title='bbox 335 2495 424 2554; x_wconf 87' lang='lat' dir='ltr'>longius</span> <span class='ocrx_word' id='word_1_216' title='bbox 440 2502 462 2538; x_wconf 85' lang='lat' dir='ltr'>et</span> <span class='ocrx_word' id='word_1_217' title='bbox 476 2494 590 2539; x_wconf 81' lang='lat' dir='ltr'>difficilius</span> <span class='ocrx_word' id='word_1_218' title='bbox 604 2495 691 2539; x_wconf 84' lang='lat' dir='ltr'>videtur</span> <span class='ocrx_word' id='word_1_219' title='bbox 707 2497 826 2555; x_wconf 80' lang='lat' dir='ltr'>explicatu,</span> 
     </span>
     <span class='ocr_line' id='line_1_32' title="bbox 128 2563 828 2625; baseline 0 -17"><span class='ocrx_word' id='word_1_220' title='bbox 128 2581 194 2625; x_wconf 85' lang='lat' dir='ltr'>qnam</span> <span class='ocrx_word' id='word_1_221' title='bbox 208 2565 269 2624; x_wconf 85' lang='lat' dir='ltr'>quod</span> <span class='ocrx_word' id='word_1_222' title='bbox 283 2565 322 2607; x_wconf 85' lang='lat' dir='ltr'>bac</span> <span class='ocrx_word' id='word_1_223' title='bbox 338 2563 460 2607; x_wconf 71' lang='lat' dir='ltr'>occasione</span> <span class='ocrx_word' id='word_1_224' title='bbox 465 2564 555 2623; x_wconf 81' lang='lat' dir='ltr'>penitus</span> <span class='ocrx_word' id='word_1_225' title='bbox 565 2563 699 2623; x_wconf 76' lang='lat' dir='ltr'>perquiram.</span> <span class='ocrx_word' id='word_1_226' title='bbox 729 2566 828 2608; x_wconf 86' lang='lat' dir='ltr'>Tantum</span> 
     </span>
     <span class='ocr_line' id='line_1_33' title="bbox 127 2632 827 2692; baseline -0.003 -14"><span class='ocrx_word' id='word_1_227' title='bbox 127 2635 150 2678; x_wconf 88' lang='lat' dir='ltr'>id</span> <span class='ocrx_word' id='word_1_228' title='bbox 169 2633 250 2692; x_wconf 77' lang='lat' dir='ltr'>cuique</span> <span class='ocrx_word' id='word_1_229' title='bbox 268 2632 362 2688; x_wconf 76' lang='lat' dir='ltr'>valebit,</span> <span class='ocrx_word' id='word_1_230' title='bbox 387 2640 494 2690; x_wconf 85' lang='lat' dir='ltr'>quantum</span> <span class='ocrx_word' id='word_1_231' title='bbox 516 2632 647 2691; x_wconf 86' lang='lat' dir='ltr'>disciplinae</span> <span class='ocrx_word' id='word_1_232' title='bbox 667 2648 720 2676; x_wconf 90' lang='lat' dir='ltr'>suae</span> <span class='ocrx_word' id='word_1_233' title='bbox 743 2632 827 2676; x_wconf 82' lang='lat' dir='ltr'>ratione</span> 
     </span>
     <span class='ocr_line' id='line_1_34' title="bbox 127 2700 835 2761; baseline 0 -15"><span class='ocrx_word' id='word_1_234' title='bbox 127 2702 233 2747; x_wconf 81' lang='lat' dir='ltr'>adductus</span> <span class='ocrx_word' id='word_1_235' title='bbox 247 2701 320 2746; x_wconf 77' lang='lat' dir='ltr'>valere</span> <span class='ocrx_word' id='word_1_236' title='bbox 334 2701 448 2761; x_wconf 79' lang='lat' dir='ltr'>cupiverit</span> <span class='ocrx_word' id='word_1_237' title='bbox 482 2700 558 2758; x_wconf 76' lang='lat' dir='ltr'>Quare</span> <span class='ocrx_word' id='word_1_238' title='bbox 569 2701 701 2760; x_wconf 80' lang='lat' dir='ltr'>longissime</span> <span class='ocrx_word' id='word_1_239' title='bbox 716 2701 787 2760; x_wconf 84' lang='lat' dir='ltr'>abest,</span> <span class='ocrx_word' id='word_1_240' title='bbox 802 2704 835 2746; x_wconf 83' lang='lat' dir='ltr'>nt&#39;</span> 
     </span>
    </p>
   </div>
   <div class='ocr_carea' id='block_1_7' title="bbox 0 0 941 3132">
    <p class='ocr_par' dir='ltr' id='par_1_7' title="bbox 0 0 941 3132">
     <span class='ocr_line' id='line_1_35' title="bbox 0 0 941 3132; baseline 0 0"><span class='ocrx_word' id='word_1_241' title='bbox 0 0 941 3132; x_wconf 95' lang='lat' dir='ltr'> </span> 
     </span>
    </p>
   </div>
  </div>
 </body>
</html>
