1851 3132
464 225 505 266 ’68

147 362 148 366 ’
196 351 270 402 Viden
286 376 350 418 quarn
366 355 442 402 rrrrsrrs
458 358 485 401 ad
500 357 631 402 senteutiam
642 358 742 415 perducti
753 356 835 400 simus?

140 428 167 469 ad
181 420 240 471 iilam
257 427 411 482 hauddubie,
432 429 467 470 eui
483 427 621 471 simillimum
640 441 707 485 supra
727 425 784 485 apud
799 424 837 468 Je-

140 496 235 539 hannem
261 496 449 553 theologumenon
474 494 658 553 deprehenderas.
696 493 837 540 Vocabulum

141 565 232 621 quidem·
243 557 326 621 λόγου,
342 579 386 606 non
403 563 451 606 idea
467 562 491 605 in
507 562 571 605 Pauli
585 561 685 620 epistolis
696 562 837 604 desideratur.

140 632 197 675 Nara
212 640 233 674 et
252 633 301 689 ipse
320 631 449 689 apostolus,
479 630 539 689 quod
558 645 587 673 ne
605 645 645 672 nos
664 630 752 688 quidem
773 628 839 671 bodie

142 698 263 756 negligere
276 701 393 749 essenus,
421 714 468 742 eam
488 698 594 742 rationem
613 697 764 743 animadvertit
782 697 839 740 inter

141 767 232 810 humaui
247 767 334 824 generis
350 767 461 826 egregiam
481 774 562 810 sortem
583 774 605 810 et
623 767 692 824 hujus
712 760 788 809 mundi
804 778 839 807 res

142 835 257 878 universas
273 835 457 891 intercedentem,
474 850 500 878 ex
511 851 553 894 qna
567 826 628 879 illam
643 851 699 894 quae
713 841 841 878 renovasset

144 905 278 962 penitusque
292 904 429 946 immutasset
444 905 554 961 potentia,
578 903 613 945 bis
634 901 699 946 etiam
720 902 841 946 condendis

145 980 166 1014 et
181 971 330 1030 gubernandis
345 971 403 1014 haud
419 971 516 1013 defuisse
530 970 653 1026 diceretur,
675 986 761 1031 neque,
781 971 842 1030 qued

145 1040 168 1082 in
182 1039 236 1083 dese
252 1046 363 1083 servatore
377 1039 505 1083 hominibus
521 1040 571 1083 ante
586 1041 662 1084 oeulos
677 1040 775 1099 pesitum
785 1045 843 1083 esset

146 1123 227 1150 numen
250 1116 379 1164 angustum,
414 1114 491 1165 posset
514 1123 527 1159 a
555 1108 623 1151 totius
647 1109 724 1151 mnndi
750 1108 843 1167 imperio

146 1175 240 1219 excludi.
270 1175 384 1218 Caeterum
394 1190 443 1235 ¹qna
457 1174 543 1218 ratione
561 1175 644 1219 Paulas
663 1176 797 1221 Judaeornm
811 1176 844 1220 ie·

146 1244 257 1302 gologiam
273 1244 362 1286 novisse
376 1250 398 1285 et
410 1259 469 1306 ,suae
489 1244 665 1287 accommodasse
685 1246 798 1289 doctrinae
813 1244 843 1288 vi·

147 1313 233 1367 deutur,
249 1319 270 1353 et
285 1312 380 1354 breviter
390 1318 412 1353 et
422 1311 518 1370 egregie,
534 1320 638 1371 quantum
650 1313 751 1371 equidem
758 1313 845 1371 judice,

148 1379 251 1439 exposuit
264 1378 379 1421 Daebnius
398 1378 423 1421 in
442 1379 513 1422 libre:
534 1379 688 1424 Pauliniseber
707 1381 849 1439 Lebrbegriff

149 1466 170 1507 p.
186 1449 230 1491 115
245 1463 292 1506 sqq.
322 1446 348 1489 ln
363 1447 493 1490 clarissimis
505 1449 572 1505 hujus
583 1450 614 1490 rei
626 1449 770 1506 probantibus
780 1448 846 1492 dietis

149 1532 194 1560 non
210 1516 293 1573 ubique
308 1514 352 1557 Dei
370 1515 412 1558 tilii
430 1531 511 1559 nomen
532 1517 643 1577 suppetit,
668 1533 709 1560 nee
728 1524 799 1560 tamen
819 1518 846 1559 ab

150 1586 190 1628 bae
205 1582 335 1642 quaestione
349 1582 388 1625 illa
403 1583 479 1641 putavi
494 1583 565 1625 aliena
581 1599 636 1625 esse.

208 1649 258 1695 Col.
275 1652 298 1703 1,
310 1650 407 1706 tte—17,
422 1651 540 1708 dequibus
551 1651 652 1694 versibus
663 1651 848 1695 Sehleiermaebe·

151 1737 200 1764 rum
215 1719 341 1763 acutissime
360 1718 477 1777 scripsisse
498 1734 570 1777 neque
590 1735 640 1763 vero
663 1720 750 1775 multis,
772 1736 848 1763 verum

153 1804 202 1832 esse
218 1788 278 1846 quod
292 1787 399 1841 sentiret,
415 1788 551 1844 persuasisse
571 1788 653 1830 seimus
674 1788 715 1843 (ef.
731 1787 849 1831 Boehnreri
901 1812 904 1816 ·

155 1857 182 1900 V.
198 1856 230 1900 Ci.
245 1855 371 1902 Commeat.
387 1855 410 1897 in
425 1855 447 1896 h.
463 1854 500 1910 1.),
516 1854 579 1898 verba
595 1857 759 1913 praecedentia:
779 1857 811 1906 εἷς
826 1873 848 1899 τ.

153 1924 271 1984 βασιλείαν
286 1922 328 1967 aeri
342 1922 395 1966 etot
410 1922 453 1980 τῆς
468 1919 560 1981 ἀγάπης
573 1920 647 1968 αὑτοῦ
660 1940 680 1968 a.
693 1940 711 1968 e⁴
721 1925 741 1969 t.
753 1941 849 1968 summas

153 1993 195 2036 srlii
220 1992 296 2035 landes
318 1992 433 2036 celebrans
458 1991 578 2049 descriptio
603 1993 718 2051 magnilica
741 1993 850 2052 sequitur,
901 2043 904 2046 ¹

154 2063 204 2119 ejus
223 2076 308 2119 „quem
326 2059 450 2118 inadspeeti
468 2059 512 2103 Dei
527 2059 645 2119 imaginem
661 2069 682 2104 et
700 2062 851 2105 universarum

155 2145 211 2189 quae
226 2129 299 2172 adsint
313 2142 384 2172 rerum
403 2127 575 2186 primogenitum
594 2144 643 2171 esse
662 2129 770 2188 legimus,
796 2125 851 2189 'quo-

154 2198 253 2242 miamin
269 2213 294 2240 eo
309 2198 358 2242 te.
373 2195 499 2256 peripsum
520 2203 542 2238 et
562 2197 683 2240 seeundum
702 2214 741 2241 seu
761 2207 852 2259 propter

154 2270 226 2325 ipsum
246 2266 320 2309 omnia
338 2265 384 2308 sint
402 2263 490 2306 condita
511 2272 533 2307 et
551 2264 692 2316 constiterint
710 2266 754 2321 (cf.
769 2266 852 2311 Winer

157 2336 254 2379 Gramm.
271 2351 292 2393 p.
308 2335 361 2377 571.
377 2333 426 2386 95),
443 2340 467 2374 ut
482 2331 541 2374 idem
553 2332 601 2391 jam
616 2334 722 2379 eeclesiae
733 2336 852 2394 eaputpri-

155 2413 249 2463 musque
264 2404 319 2445 site
334 2401 426 2445 mortuis
441 2401 519 2457 redux,
534 2401 559 2444 in
575 2403 678 2445 omnibus
693 2403 776 2462 quippe
786 2404 852 2446 rebus

156 2472 217 2532 prior
231 2487 256 2514 ae
271 2469 417 2531 praestantior
434 2469 549 2512 futurus.⁴‘
583 2465 662 2514 Eiteia
680 2473 722 2514 eoo
740 2471 798 2514 θεοῦ
813 2471 852 2513 du·

157 2542 204 2583 bito
219 2557 246 2583 an
262 2548 284 2584 et
302 2540 435 2598 dra-aeterna
454 2536 500 2580 Dei
520 2538 594 2596 effigie
614 2547 636 2583 et
655 2540 782 2600 derisione
803 2540 852 2597 ejus

155 2608 255 2651 terrestri
270 2609 285 2650 i.
303 2624 322 2650 e.
339 2608 365 2650 de
381 2606 469 2650 Christo
485 2607 575 2650 bomine
589 2616 650 2652 recte
659 2607 797 2664 interpreter,
814 2609 853 2667 qui

157 2683 218 2719 certe
239 2683 337 2735 tempore
357 2676 415 2719 inter·
434 2675 535 2717 hemines
552 2681 598 2733 tota
618 2675 698 2734 agendi
719 2681 740 2716 ct
753 2675 853 2733 docendi

156 2744 300 2789 similitudine
319 2744 440 2788 invisibilis
461 2744 529 2789 eatris
548 2745 557 2785 (
564 2744 606 2787 teri
622 2737 738 2804 ἀοράτου)
754 2747 869 2789 naturam
