1851 3132
478 197 513 239 {to

148 333 182 377 tte
198 332 265 391 igitur
279 332 302 376 id
316 333 388 391 ipsum
395 365 402 389 ,
419 333 482 393 quod
495 333 607 393 quaeritur
615 347 704 394 quoque
712 334 784 378 omnis
799 334 844 379 dis·

148 402 238 462 quisitio
262 402 383 462 prospicit,
409 402 481 457 statim
506 403 532 446 ah
553 402 617 453 initio
639 404 742 462 posuisse
761 403 844 460 videar,

147 470 272 539 postposita
289 471 332 513 illa
349 471 460 529 partiendi
473 472 572 527 ratione,
596 487 651 539 qque
666 488 730 516 uum
738 472 817 527 vulcat,
832 487 845 514 e

147 528 244 586 singulis
268 528 419 571 examinandis
438 529 496 572 infra
519 530 626 588 consequi
649 530 727 586 velim,
754 537 845 574 externo

149 591 244 657 quodam
259 603 281 641 ct
294 597 401 641 historico
422 597 501 640 ordine
520 604 613 640 utamur.
654 598 845 654 Quemadmodum

147 667 172 709 in
187 664 316 709 nominihus
331 680 398 722 supra
413 666 485 709 allatis
500 665 554 709 haec
569 665 611 708 tria
625 665 778 718 distinximust
797 667 845 710 vul·

148 748 222 792 gerrem
236 733 372 790 Judneorum
386 735 553 792 cogitationem,
573 733 618 792 ipsi
632 733 688 789 desu
707 734 762 794 quid
779 734 846 778 fuerit

148 803 276 862 probatum,
292 809 314 846 et
329 818 394 861 quem
414 802 526 847 doctrinae
545 802 618 847 locum
633 803 657 846 iu
676 804 783 863 epistolis
799 803 846 861 epi·

147 874 207 916 theta
222 878 321 925 tencant3
336 870 405 913 simili
420 870 486 914 modo
497 870 544 926 jam
558 870 614 914 locis
629 872 750 930 expositis,
765 872 805 914 uhi
820 872 846 915 ti-

147 943 205 983 tulus
221 956 272 982 cum
287 939 337 981 aliis
352 939 485 995 conjunctus
505 939 614 992 occurrit,
634 941 735 997 graviore
749 939 776 983 de
790 939 846 983 Jesu

147 1009 164 1052 1,
179 1007 208 1052 D.
224 1007 282 1050 dicta
301 1007 385 1051 eventis
401 1007 467 1049 ctiam
482 1007 608 1049 confirmata
622 1008 774 1069 inquiramus,
793 1007 846 1050 inde

147 1075 173 1118 nd
187 1074 259 1133 ipsius
274 1074 358 1118 Christi
379 1073 406 1117 de
427 1089 451 1117 se
470 1075 588 1119 sententias
608 1082 630 1118 et
648 1076 675 1119 ad
696 1076 845 1136 apostolorum

128 1152 132 1154 ’
147 1143 269 1188 electrinnm
284 1144 430 1202 progressuri.

472 1263 526 1324 §e

202 1417 270 1455 Filii
282 1423 429 1465 coynomeu
444 1423 506 1454 eum
523 1415 589 1454 aliis
605 1416 796 1472 composituros..
826 1415 827 1421 ’

200 1493 262 1536 Inter
276 1500 361 1536 caetero
375 1491 478 1548 nomina,
494 1506 551 1550 quae
564 1491 627 1534 nullo
638 1491 713 1535 habito
727 1493 845 1552 verborum

147 1562 233 1606 delectu
249 1561 337 1605 Christo
352 1560 491 1610 tribuuntur,
507 1568 607 1603 nostrum
622 1574 710 1619 quoque
724 1559 783 1603 haud
797 1575 847 1603 roro

145 1629 282 1689 deprehendi
300 1644 366 1686 supro
380 1627 482 1671 vidimus.
512 1626 557 1670 Ubi
568 1634 640 1670 autem
651 1640 729 1671 vorum
738 1628 847 1672 variorum

145 1699 220 1756 largus
230 1704 252 1740 et
265 1697 369 1741 fortuitus
379 1707 432 1739 usus
447 1702 491 1744 est,
508 1695 564 1738 solet
578 1696 611 1740 rei
623 1696 688 1739 ctiam
702 1696 731 1739 iis
746 1696 848 1740 omnihus

147 1766 307 1824 significandae
322 1764 447 1810 communis
458 1762 564 1821 quaedum
579 1772 681 1824 certaque
691 1764 770 1808 animis
785 1766 848 1809 notio

147 1833 272 1878 obversarit
291 1848 333 1876 nce
348 1841 396 1876 tum
410 1833 500 1875 nomina
514 1848 590 1876 rursus
604 1833 683 1876 acriter
693 1833 847 1876 discriminen-
872 1855 874 1858 ·

146 1910 195 1959 tur,
211 1903 231 1945 si
246 1902 312 1959 eujus
326 1901 437 1956 hominis,
453 1916 517 1960 quem
532 1916 607 1944 sumus
628 1903 787 1960 nuncupaturi,
808 1918 848 1947 uo.

147 1980 192 2015 tum
212 1969 326 2031 plerisque
344 1970 494 2013 auctoritatem
514 1978 580 2029 atque
598 1984 715 2028 personam
732 1971 846 2014 hahemus.

150 2039 196 2095 Qui
210 2040 248 2094 fit,
263 2045 289 2084 ut
302 2035 425 2082 Nattranaet
438 2039 476 2082 ubi
485 2038 581 2098 primum
592 2037 663 2081 oeulis
673 2038 786 2082 dominum
796 2055 849 2082 con·

148 2108 233 2168 spexit,
254 2107 317 2158 hisee
336 2121 386 2149 eum
404 2107 573 2151 venerabundus
592 2107 669 2150 adoret
688 2106 739 2149 Joh.
758 2109 784 2162 1,
803 2107 846 2151 5οι

148 2183 192 2233 „tu
207 2191 231 2220 es
247 2174 347 2234 profecto
363 2174 392 2219 D.
407 2175 438 2230 1.,
454 2181 478 2217 tu
492 2174 640 2218 Israclitarum
654 2174 732 2217 rex‘l“
753 2173 800 2219 Nee
815 2176 848 2219 di·
892 2229 896 2231 ⁷

149 2244 224 2289 viuum
242 2242 325 2287 Christi
341 2242 469 2301 dignitatem
485 2258 557 2302 neque
572 2243 633 2301 quod
651 2243 671 2287 is
690 2242 769 2303 populi
787 2244 848 2305 priu-

149 2327 201 2372 ecps
216 2311 287 2364 foret,
304 2328 332 2355 ex
346 2313 452 2371 adspectu
467 2318 488 2355 ct
502 2309 614 2371 colloquio
635 2313 683 2370 ejus
698 2313 848 2372 scientiaeque

148 2380 257 2426 mirabilis
272 2380 404 2425 documento
419 2380 474 2424 satis
488 2381 639 2424 internoscere
648 2387 750 2439 poterat.
788 2381 848 2427 Mes·

148 2450 203 2494 siam
218 2464 271 2495 rero
291 2449 408 2494 advenisse
432 2448 553 2504 intellexit,
574 2454 641 2507 quem
658 2449 715 2510 ipsis
734 2449 780 2495 illis
798 2449 848 2508 plu·
905 2442 908 2448 ¹

148 2520 253 2579 rihusque
275 2518 404 2563 nominibus
423 2518 497 2561 colere
526 2533 621 2576 acquum
639 2527 704 2562 esset.
756 2517 848 2561 Similli-

148 2589 192 2632 mis
206 2586 279 2631 verbis
293 2602 361 2646 quum
376 2586 461 2630 hlurtha
479 2593 530 2645 post
544 2586 652 2644 Lazarum
666 2585 794 2629 defunctum
808 2586 848 2630 oh·

148 2656 206 2701 viam
220 2655 274 2700 Jesu
288 2655 411 2713 procedens
426 2654 525 2698 intimam
540 2655 609 2699 animi
622 2653 788 2714 persuasionem
797 2670 847 2713 pro-

147 2724 247 2770 fiteretur
260 2723 313 2770 Joh.
334 2724 373 2776 11,
394 2723 437 2766 27:
454 2721 481 2767 orl
495 2720 521 2767 εἰ
537 2720 549 2767 ὅ
563 2723 609 2783 Χρ.
636 2720 648 2767 ὁ
668 2723 694 2766 ru‘
707 2737 728 2766 e.
744 2724 771 2766 d.
788 2719 800 2766 ὁ
815 2723 848 2772 εἰς
