1851 3132
403 219 485 261 ¹69

399 282 535 291 Μ

118 354 226 414 attigerit:
241 368 298 397 ruam
314 352 432 413 quominus
447 351 642 402 deterrumum
658 351 765 394 salvatore
779 366 814 394 ac-

118 422 238 481 cipiamus,
258 421 440 481 'quemadmodum
455 421 471 463 2
486 419 542 481 Cor,
554 421 577 474 4,
593 419 609 462 4
627 419 670 462 Dei
680 420 761 477 rimago
780 419 812 462 di-

118 489 302 551 citur‘Clrristus,
317 496 434 548 postquam
446 488 527 547 paullo
543 494 593 529 aute
606 488 720 545 scriptor,
746 495 771 529 ut
785 487 812 529 ad

118 557 209 600 eandem
221 558 388 601 similitudinem
400 572 424 599 sc
437 557 574 599 conformare
584 555 697 597 studerent
713 555 777 608 (ibid.
788 555 812 611 ὅ,

118 625 147 666 18
158 621 206 682 ,τὴν
221 620 296 681 αὐτήν
311 618 389 668 cludro
402 619 620 680 μεταμορφούμεθα
633 623 663 665 ct'.
673 622 737 665 Rom.
747 624 771 676 8,
782 619 813 663 ’29

118 690 254 753 σύμμορφοι
268 709 289 735 α
306 683 394 739 εἶαὸαος
408 707 429 734 τ.
445 691 498 735 otoo
514 690 596 748 αὑαού)
615 691 708 733 lectores
724 685 813 749 quoque

118 761 245 815 admonuit,
261 777 356 819 sequens
371 760 395 802 ui
410 761 477 804 fallor
489 760 616 803 enunciatio
631 760 710 802 obstat.
732 759 813 803 Verbis

117 831 175 872 enim
190 823 290 886 πρωτότ.
305 822 381 885 πάσης
395 827 498 882 κτίσεως,
524 843 580 886 quac
599 843 646 871 non
666 828 747 870 dehent
761 843 811 871 com

117 897 245 940 Selrleierm.
261 898 288 940 ad
303 892 369 941 strato
381 896 475 947 referri,
499 904 523 938 ut
542 896 580 939 illa
597 902 687 939 uocetur
707 895 813 954 princeps

116 965 160 1007 Dei
174 967 253 1023 imago·
263 968 350 1009 intoto
365 965 428 1024 quasi
443 963 526 1008 mundo
542 963 638 1022 spiritali
644 983 651 1014 ·,
668 963 695 1006 ad
711 978 776 1022 quam
791 971 813 1007 et

117 1049 157 1091 pro
178 1035 312 1091 quajomris
332 1034 402 1077 divini
423 1032 485 1090 regni
506 1047 555 1090 pars
574 1039 640 1090 atquc
659 1032 745 1089 species
763 1031 814 1080 ficta

117 1108 139 1143 et
159 1090 278 1145 constituta
299 1102 329 1143 sit
350 1099 421 1155 (Uet.
442 1100 491 1144 Col.
511 1101 534 1156 l,
559 1100 689 1157 ott-209.
704 1100 768 1157 545),
785 1125 813 1132 -—

116 1162 185 1225 λόγον
199 1169 308 1212 concedes
323 1185 361 1211 seu
376 1171 486 1212 internam
500 1169 524 1210 in
540 1168 590 1211 filio·
605 1167 750 1224 substantiam
764 1169 814 1211 uni·

117 1237 185 1279 versis
196 1237 271 1293 rebus,
287 1253 343 1296 quae
358 1252 397 1295 per
412 1237 482 1295 ipsam
498 1236 599 1280 conditae
608 1236 661 1293 sint,
679 1236 773 1293 priorem
788 1251 813 1279 ac

117 1304 247 1347 nobiliorem
266 1305 310 1348 dici
329 1305 406 1348 fuisse.
445 1304 549 1363 Denique
567 1320 600 1349 vs.
616 1303 653 1358 13,
673 1317 741 1363 quum
755 1319 768 1347 a
781 1319 814 1347 rc-

116 1372 159 1414 hus
174 1373 260 1431 superis
279 1373 307 1415 ad
321 1379 433 1416 terrestres
453 1375 522 1416 oratio
542 1372 677 1428 descendat,
696 1371 814 1431 imperium

116 1447 192 1495 coetus
208 1440 329 1485 Christiani
344 1441 367 1483 in
383 1439 478 1483 cundem
497 1440 623 1495 confertur,
635 1477 637 1481 .
647 1440 687 1498 qui
706 1441 812 1484 ecclesiae

116 1516 182 1565 caput
197 1517 218 1551 et
232 1502 436 1567 prinecps,(dopol‚
461 1508 506 1550 nisi
526 1508 607 1551 rectius
625 1509 668 1550 troc
682 1505 812 1551 Schleierm.

116 1590 166 1618 cum
181 1577 203 1618 ἐκ
219 1591 240 1618 o.
254 1575 340 1632 vertorio
354 1575 479 1632 conjunxit>
495 1591 507 1617 c
522 1584 591 1618 morte
605 1577 632 1618 ad
647 1577 732 1620 beatam
746 1578 813 1621 vitam

115 1643 200 1701 primus
214 1645 302 1701 prodiit.
318 1667 319 1672 =
338 1645 415 1702 ltaque
436 1644 511 1686 eadem
531 1644 666 1702 cogitatione
684 1644 779 1703 scriptor
793 1653 814 1688 ct

115 1703 219 1754 Messinm
228 1713 255 1755 ad
264 1712 365 1755 homines
373 1711 522 1755 instituendos
533 1720 555 1754 et
562 1712 702 1756 redimendos
712 1714 812 1767 missum,

116 1787 138 1821 ct
148 1787 269 1835 aeternum,
286 1780 323 1839 qui
334 1779 404 1841 viguit
413 1779 437 1822 in
448 1779 496 1830 illo,
512 1774 580 1835 λόγον
595 1789 723 1823 cunctarum
737 1796 811 1824 rerum

116 1847 252 1890 conditorem
268 1847 442 1907 comprehendit.
477 1847 551 1903 Quum
566 1863 642 1891 versus
658 1849 812 1905 antecedentes

115 1916 201 1960 12-14
220 1917 324 1972 moralem
347 1917 439 1973 salutern
459 1931 471 1960 a
491 1910 580 1960 Christo
599 1911 728 1961 hominibus
747 1918 812 1962 latam

116 1984 241 2043 explicent,
271 1984 367 2043 prouimi
391 1985 562 2044 ruetaplrpsicarn
582 1986 714 2028 sententiam
731 1985 811 2039 serant,

115 2061 161 2096 tum
175 2068 227 2096 vcro
241 2068 284 2097 vss.
299 2052 379 2095 18:19
394 2052 422 2095 ad
441 2052 556 2095 eeclesiam
574 2053 667 2112 ejusque
687 2052 811 2113 principem

115 2129 235 2175 revertatur
250 2121 381 2177 disputatio,
397 2120 458 2163 vides
473 2122 587 2164 hominum
602 2121 715 2164 torminum
730 2122 754 2164 iu
769 2124 812 2167 troc

116 2204 229 2242 sermono,
249 2189 368 2232 mediatore
382 2190 446 2248 quasi
461 2191 574 2249 proposito
589 2189 633 2233 Dei
648 2190 707 2245 filio,
733 2191 760 2232 ad
776 2207 810 2233 res

115 2259 234 2319 primordia
250 2256 327 2302 mundi
342 2265 466 2317 spectantes
481 2259 582 2302 revocari.
611 2260 672 2302 Neve
682 2257 737 2302 illud
748 2261 810 2303 omit·

115 2335 160 2381 tas,
176 2326 235 2386 quod
249 2329 370 2370 sententiae
385 2320 483 2370 diversae
492 2343 533 2386 per
543 2328 674 2386 pronomina
685 2324 712 2379 de
724 2327 810 2385 (veto)

114 2396 195 2446 -ααὶ
214 2389 284 2443 αὐτός
298 2420 326 2427 -
340 2394 365 2445 ὅς
380 2395 437 2451 (13)
459 2395 590 2454 simpliciter
608 2395 636 2439 ad
655 2397 750 2440 eundem
769 2392 811 2440 ede

114 2459 166 2509 otto
184 2463 227 2521 τῆς
245 2457 338 2521 ἀγάπης
357 2463 499 2519 referuntur,
517 2479 650 2524 quamquam
667 2458 741 2525 priore
760 2466 809 2508 loco

115 2532 175 2593 quod
188 2530 274 2589 legitur
284 2532 383 2591 numinis
397 2533 526 2590 praesertim
543 2533 612 2576 divini
627 2543 671 2584 cst,
697 2535 808 2592 posterius

114 2602 141 2644 de
154 2599 245 2660 homine
266 2599 331 2659 morti
350 2601 494 2653 occumbente
513 2617 538 2644 ac
559 2602 658 2646 redivivo
677 2603 741 2647 valet.
767 2604 809 2649 ,Ex

114 2685 158 2729 quo
173 2676 253 2729 potet,v
269 2683 342 2727 neque
360 2669 468 2712 humanae
482 2669 566 2714 indolis
580 2670 651 2715 solius
665 2687 707 2715 nee
722 2672 808 2716 divinae

112 2745 198 2783 tantum
214 2739 334 2794 essentiae,
353 2737 453 2797 quamvis
474 2738 541 2799 longe
561 2739 640 2784 clarius
660 2756 689 2791 ca,
704 2741 807 2795 emineat,
