1851 3132
441 245 476 288 73

109 377 137 421 lis
153 377 281 420 hominibus
297 377 411 422 fnissetet
429 395 470 439 pro
490 377 606 436 expiandis
626 392 701 421 eorum
713 379 808 425 ¹delictis

108 446 264 489 calamitatem
266 452 367 506 magnam
383 448 420 491 ad
424 448 502 492 mortis
518 460 588 506 usque
605 446 739 505 supplicium
749 458 808 495 esset

108 523 240 573 perpessus,
255 511 308 558 inde
322 514 392 559 lilium
408 516 444 558 ad
438 512 578 574 sempiterni
598 514 719 559 sacerdotis
738 519 806 578 magi-

108 590 198 625 stratum
214 585 342 626 accessisse.
376 584 411 629 Ad
421 583 510 626 Christi
528 591 634 641 tanquam
648 581 689 626 filii
700 583 807 629 obedien-

101 647 160 693 'tiam
185 651 362 695 collaudandam
355 652 487 710 aptissime
510 651 601 711 quidem
623 651 678 695 haee
701 653 807 713 cogitatio
839 684 841 688 s

108 720 221 778 proposita
231 727 283 775 >est3
313 722 351 764 sed
366 720 418 780 quid
435 719 518 775 dicam,
545 735 575 763 ne
589 734 640 764 curn
655 721 811 782 superioribus,

108 796 191 830 certare
205 788 319 830 videatnr‘l

129 906 130 909 Ἴ
165 855 262 899 Ριίιιιιιιιι
278 856 317 916 qui
337 871 401 915 opem
421 855 479 898 terre
492 853 621 898 hominihus
634 853 712 910 jussus
726 856 807 909 fuerat,

109 939 155 966 non
175 931 263 981 poterat
285 924 345 968 idem
365 940 404 967 sua
426 928 507 982 sponte
530 922 603 980 egisse
626 923 673 964 nisi
693 928 753 966 tauta
771 941 809 969 na·

110 1000 172 1034 turae
187 999 209 1034 et
223 992 291 1035 studii
300 992 450 1036 intercedente
465 990 606 1048 cognatione,
621 997 645 1033 ut
655 989 810 1038 lubentissime
867 1013 869 1015 ¹

109 1058 151 1100 Dei
167 1060 292 1103 mandatum
308 1061 356 1104 ab
351 1076 400 1119 ipso
416 1067 531 1116 acceptum
546 1065 609 1101 esset
644 1056 691 1102 Si'
683 1058 752 1128 rgitu'r
765 1068 810 1106 tam

109 1135 189 1169 aretam
206 1128 248 1179 lilii
263 1136 284 1170 et
299 1128 368 1187 patris
384 1127 452 1170 tuisse
467 1127 657 1183 conjunctionem
665 1131 809 1187 concesseris,

109 1196 190 1237 hand
183 1195 266 1252 injuria
284 1196 348 1238 illum
368 1195 480 1237 hominem
500 1193 650 1254 Messiamque
667 1192 778 1240 dicemus
788 1207 810 1242 et

110 1263 258 1306 voluntarium
273 1258 338 1322 atque
353 1264 448 1321 liberum
467 1269 490 1304 et
509 1277 537 1304 ex
547 1261 592 1304 Dei
607 1263 698 1306 arbitrio
710 1266 807 1321 penden-

110 1336 161 1373 tem.
197 1332 257 1373 Τιιιιι
282 1346 334 1375 vero
356 1331 415 1390 qnod
434 1330 469 1374 illi
487 1329 533 1374 loci
558 1329 676 1383 exhibent,
697 1330 809 1378 Christum

111 1405 187 1441 exacto
201 1400 310 1441 humanae
324 1399 381 1442 vitae
396 1398 467 1459 spatio
487 1405 601 1456 morteque
619 1398 746 1443 tristissime
759 1416 809 1459 per·

37 1482 40 1486 ·
110 1467 153 1508 lata
169 1467 269 1510 maximis
284 1467 308 1509 in
323 1467 386 1511 coelo
406 1467 530 1511 honoribus
552 1466 647 1525 potitum
666 1481 726 1518 esse,
754 1486 808 1529 qno·
865 1515 867 1517 ,

111 1535 181 1577 modo*
193 1537 234 1578 hoe
249 1534 389 1578 obedientiae
403 1535 525 1595 praemium
545 1550 557 1577 a
575 1542 636 1593 patre
650 1536 759 1585 tributum
772 1542 809 1584 ha·

112 1602 209 1646 bendum
230 1604 292 1645 erat‘l
324 1603 458 1663 Scriptorem
478 1619 555 1663 parurn
576 1618 650 1647 secum
670 1608 810 1660 consensisse

111 1671 211 1730 theologi
238 1678 364 1726 antumant,
393 1672 432 1731 qni
456 1671 503 1715 filio
527 1671 564 1726 id,
599 1688 644 1731 qno
668 1688 741 1721 carere
765 1692 811 1723 non

112 1740 229 1797 potuisset,
244 1749 268 1783 ut
283 1756 309 1783 eo
325 1741 407 1784 rediret
421 1739 481 1783 nnde
495 1739 586 1783 interra
596 1741 752 1800 madvenisset‚
763 1745 811 1801 jam

112 1808 193 1852 dixerit
212 1808 350 1852 obedientiae
365 1824 390 1851 ae
404 1808 492 1851 virtutis
503 1808 626 1867 praemium
640 1808 738 1854 oblatum
749 1828 809 1856 esse:

113 1876 196 1924 nullam
212 1878 271 1920 eninr
287 1877 322 1920 illi
336 1876 534 1920 remunerationem
553 1876 641 1928 deberi,
665 1878 701 1919 eui
719 1895 759 1936 pro
773 1898 811 1924 na·

113 1953 160 1986 tura
176 1960 215 1986 sna
231 1945 294 1988 aliter
309 1961 333 1988 se
348 1961 424 2003 gerere
443 1961 489 1988 non
508 1944 604 1989 licuerit.
641 1944 750 2003 Equidem
765 1950 812 1993 non

113 2011 198 2063 habeo,
214 2029 257 2071 qno
272 2017 329 2056 hanc
344 2013 520 2056 controversiam
534 2012 667 2066 dissolvam,
692 2013 736 2056 nisi
752 2020 812 2075 quod

114 2080 197 2138 duplex
212 2081 281 2124 Paulo
296 2080 339 2123 luit
354 2081 381 2123 de
389 2080 482 2124 Christo
497 2081 543 2123 lilio
554 2081 711 2123 consideratio.
740 2082 813 2144 Supra

114 2148 207 2191 tilium
199 2163 268 2206 loyor}
282 2149 377 2192 vidimus
387 2164 399 2190 a
410 2148 520 2207 principio
531 2149 590 2207 apud
601 2144 684 2204 patrem
695 2161 813 2210 versatum,

115 2233 181 2275 (tuem
198 2233 251 2275 par
252 2206 298 2260 erat
311 2218 335 2259 in
348 2217 422 2260 locum
437 2216 564 2269 coelestem,
579 2229 662 2275 exque
673 2217 813 2266 adhomines

115 2285 265 2340 descenderat,
281 2301 332 2328 cum
342 2285 462 2343 splendore
471 2285 560 2328 reverti.
591 2284 640 2328 dam
655 2300 707 2329 vero
718 2287 742 2330 in
753 2305 814 2333 ruen-

115 2359 159 2394 tem
174 2353 235 2395 venit
249 2361 305 2401 παῖς
315 2353 382 2405 θεοῦ,
390 2355 465 2397 -homo
476 2354 515 2398 ille
526 2353 593 2396 lesus
604 2347 708 2396 Christus
719 2357 744 2407 (l
755 2358 814 2402 Tim.

114 2421 138 2474 2,
153 2419 185 2473 5),
202 2422 249 2478 qui
256 2436 296 2474 eo,
315 2421 375 2479 quod
392 2421 492 2479 deposito
508 2420 626 2477 splendore
646 2420 736 2465 sublimi
757 2426 815 2470 ultro

115 2489 205 2531 humani
230 2495 299 2530 status
323 2488 423 2547 pericula
441 2488 522 2544 subiit⁷
551 2489 696 2567 dignissimus
717 2493 815 2537 redditus

61 2565 64 2568 “
116 2565 160 2607 cst
177 2573 240 2615 (linem
256 2548 318 2598 Deus
333 2573 345 2599 a
360 2555 454 2599 mortuis
469 2550 586 2613 excitaret,
610 2565 632 2601 et
652 2558 675 2600 in
692 2559 815 2610 celsissimo

115 2627 208 2669 honoris
223 2635 244 2668 et
259 2624 397 2683 principatus
412 2625 469 2669 solio
485 2589 610 2670 collocaret
640 2625 796 2689 Utrumqne'„
775 2633 815 2674 rei·

44 2744 46 2747 ·
116 2702 152 2738 tur
162 2695 262 2744 Paulinis
277 2690 392 2737 sententiis
408 2694 571 2752 comprobabis,
588 2702 610 2750 et
625 2695 733 2754 obsequio
745 2698 814 2744 filium

116 2763 213 2807 honores
229 2780 280 2808 suos
296 2764 414 2815 meruisse,
439 2768 464 2805 ut
479 2764 553 2816 omnia
568 2765 591 2806 in
607 2763 676 2808 libera
691 2765 735 2808 Dei
750 2766 814 2810 Chri-
