1851 3132
441 185 477 240 ra

104 333 128 375 in
142 330 256 374 Christum
271 331 306 374 rel
321 331 348 374 ab
363 332 413 390 ipso
431 332 455 376 in
471 348 495 376 so
510 321 660 376 conferuntur
704 331 811 393 Siquam

105 400 175 457 igitur
189 399 288 442 nominis
303 400 417 444 notionem
432 402 546 460 plerisque
561 398 599 442 illo
614 407 713 458 tempore
732 401 810 460 proba·

104 476 150 511 tarn
165 466 388 525 deprehenderimus,
401 469 448 526 jam
463 468 575 529 quomodo
594 467 637 525 ipsi
657 467 747 511 Christo
766 477 811 512 rata

106 535 166 578 etin
182 535 283 594 epistolis
299 536 397 580 adhibita
412 543 479 595 atque
494 537 603 595 explicata
615 535 660 593 sit⁷
682 534 710 578 de
724 537 823 593 integro*

105 610 164 646 reete
179 619 322 662 quaeremus,
338 605 420 666 quod·
414 621 439 647 in
453 615 477 647 're
489 621 548 648 nune
562 605 634 647 fusius
644 605 758 683 tractantla
769 605 809 647 nti

105 670 215 713 lissimum
231 672 274 714 erit
292 672 481 716 animadvertisse.

435 808 485 864 §a

365 919 566 979 Θεογειιεῐς.

165 1008 240 1065 Quum
255 1009 346 1052 nomina
360 1009 398 1053 illa
413 1026 481 1070 supra
496 1010 590 1054 brevitor
604 1024 694 1052 recensa
710 1007 815 1053 ollulae·

108 1092 170 1120 orum
185 1078 314 1137 praesertim
328 1079 428 1122 moribus
444 1087 466 1123 et
485 1078 618 1137 cogitatione
631 1085 698 1136 atque
715 1085 755 1136 spa
770 1077 815 1120 sin·

109 1146 181 1203 gulari
195 1145 295 1205 prolecta
310 1147 369 1202 sint,
382 1147 430 1204 jam
445 1148 472 1191 ad
487 1147 531 1189 Dei
545 1146 587 1189 filii
597 1146 725 1189 attributum
741 1145 814 1189 claris-

109 1211 344 1272 simum-progressuri
359 1215 425 1258 altius
444 1207 508 1258 etiarn
528 1230 574 1257 rem
589 1221 816 1273 repetamusynequo
863 1256 877 1263 Ν

111 1281 181 1337 illud,
197 1298 242 1340 qno
258 1276 507 1326 multideleotantur
488 1282 614 1335 viridanti,
633 1297 771 1333 aversemur,
791 1290 816 1324 ut

110 1349 137 1392 ad
152 1349 288 1393 Graecorum
296 1349 434 1409 aliarumque
444 1351 542 1407 gentium
558 1350 677 1410 opiniones
687 1349 816 1414 respiciant

109 1412 215 1476 Apparet
220 1434 275 1461 vero
295 1417 445 1476 mythologiae
465 1419 569 1477 antiquae
590 1425 636 1460 tum
656 1432 682 1460 ea
700 1418 772 1468 ratio,
792 1423 817 1460 ut

110 1485 203 1528 deorum
218 1484 353 1544 dearumque
364 1502 457 1544 magnus
467 1493 543 1529 ooet‘us
558 1485 691 1543 cogitatione
710 1484 815 1542 fingatur,

110 1560 158 1595 tum
173 1552 240 1595 altera
255 1568 356 1611 quoquo,
372 1570 400 1597 ex
414 1570 457 1613 qua
470 1552 596 1598 mortalium
617 1560 694 1611 genus·
706 1568 756 1595 oum
769 1552 816 1595 illis

111 1620 268 1662 commercium
283 1621 374 1679 aliquod
388 1623 492 1665 habuisse
502 1621 606 1665 traditum
621 1620 657 1663 sit.
689 1619 817 1677 Gignuntur

109 1688 185 1746 itaque
200 1686 236 1730 dei
250 1694 315 1746 atque
330 1689 425 1747 gignunt
435 1690 560 1733 mortalium
570 1690 647 1743 instar,
658 1703 699 1731 noo
710 1688 756 1730 suis
769 1694 816 1730 tan·

110 1764 158 1798 tum
171 1755 255 1797 finibus
275 1756 432 1801 immortalium
451 1774 521 1816 genus
540 1750 653 1800 inclusum
672 1762 717 1807 est,
740 1770 816 1798 verum

112 1823 139 1865 ab
162 1823 241 1866 iisdem
261 1824 375 1868 hominum
394 1827 458 1869 etiam
480 1826 619 1885 quorundam
639 1825 727 1868 ducitur
746 1824 815 1882 origo.

111 1892 176 1935 Hane
191 1899 270 1935 terram
285 1901 345 1937 tanto
361 1894 418 1938 coeli
433 1895 549 1938 intervallo
569 1895 596 1937 ab
611 1894 640 1937 iis
659 1900 764 1937 remotam
778 1895 817 1936 ho-

113 1963 243 2021 minumque
259 1969 314 2004 tecta
330 1963 494 2021 digna'ha'hent
514 1978 571 2022 quae
590 1962 681 2019 adeant,
701 1977 774 2020 neque
788 1961 819 2003 ita

100 2031 177 2073 'etiam
193 2030 303 2073 cumillis
319 2031 420 2074 dubitant
439 2033 534 2084 versari,
555 2039 581 2075 ut
600 2031 680 2074 multos
701 2030 766 2089 quasi
785 2044 818 2071 se-

110 2100 197 2142 mideos
213 2099 302 2158 gemino
318 2100 412 2158 quodam
427 2107 449 2142 et
463 2100 543 2159 impari
556 2107 620 2159 partu
636 2100 709 2143 editos
724 2098 818 2141 ‘esseta-

113 2184 148 2211 ma
164 2169 200 2211 sit.
230 2166 268 2211 Sia
283 2167 340 2211 coeli
351 2167 492 2228 'Olympiqne
503 2169 586 2212 aeterni
600 2168 733 2211 habitatores
743 2179 818 2209 ‘roror-

115 2245 190 2278 tantur
203 2247 281 2279 'rursus
302 2236 330 2278 ad
346 2236 445 2278 'eundum
466 2237 587 2291 mundum,
606 2244 696 2294 ex'quo
713 2243 819 2294 tanquam

114 2306 353 2348 universarumrernm
370 2302 460 2348 materia
475 2305 589 2365 principio
605 2306 672 2349 exorti
682 2311 736 2347 esse
748 2304 820 2347 'tralle-

114 2374 203 2416 hantur.
219 2384 221 2387 ·
234 2373 287 2416 Alio
302 2374 368 2417 modo
381 2374 407 2416 'in
422 2373 632 2430 ln'ilorumfabnlis‚
648 2374 752 2431 quoniam
768 2373 820 2415 illae

114 2441 217 2485 nationes
236 2448 282 2484 tota
299 2442 434 2499 imaginandi
459 2443 534 2500 speeie
554 2452 687 2500 magnopore
707 2442 819 2491 differant,

115 2511 207 2553 altorum
222 2506 249 2552 ox
265 2510 334 2552 alto'ro
349 2512 532 2570 naseituratque
554 2518 641 2553 emanat
659 2510 761 2563 numine,
783 2523 820 2550 us·

115 2577 211 2636 quedam
231 2578 258 2621 ad
273 2579 373 2622 homines
388 2580 449 2637 ipsos
464 2579 575 2638 generatio
585 2579 716 2623 descendam
745 2578 821 2634 ltaque

115 2646 236 2689 secundum
251 2646 316 2689 hasne
334 2647 424 2689 fabulas
440 2653 555 2707 pottarnnr
574 2648 684 2706 elegantia
704 2652 819 2689 exornatas

115 2713 179 2757 multi
194 2729 247 2756 sano
261 2731 307 2759 non
323 2713 457 2760 vocabantur
467 2718 506 2760 sed
520 2724 582 2759 erant
597 2733 624 2760 ex
638 2716 700 2773 vulgi
715 2714 820 2773 opinione
