1851 3132
471 218 506 258 66

138 353 219 396 onibus
239 359 259 394 et
279 351 368 394 iudiciis
388 352 440 395 haee
460 352 577 411 explicatio
597 349 700 394 destituta
720 359 760 394 est.
792 351 835 395 Sed

139 421 219 465 omissa
235 420 300 463 etiam
314 419 405 478 physica
415 419 545 476 lurj'usmodi
560 418 689 463 delinitione
699 420 835 463 Ruecbertus

142 498 167 533 ut
182 492 223 533 hoe
239 489 290 533 loeo
304 488 334 530 ita
350 488 433 547 ubique
447 488 492 530 fere
501 486 613 531 Christum
627 487 651 530 in
666 487 737 530 Pa'nli·
747 489 836 546 scriptis

140 565 230 617 propter
250 556 366 599 sublimem
387 556 410 598 in
429 557 480 614 ipso
495 564 522 599 et
540 571 631 615 prorsus
651 555 746 598 divinam
756 564 760 575 ⁹
768 558 836 600 animi

141 625 287 670 substantiam
297 624 341 666 Dei
350 623 420 667 lilium
429 624 474 667 diei
484 625 603 668 contendit.
633 623 837 685 lioellnerocout‘ra

141 701 238 753 potestas
254 691 338 735 Christi
354 692 473 751 omniaque
488 700 592 751 congesta
613 693 636 735 in
657 693 720 736 illum
740 699 764 734 nt
778 692 846 735 illes·-
874 710 875 713 ¹

141 764 195 805 siam
219 770 346 803 ornamenta
370 760 498 819 consignari
521 763 612 804 nomine
632 762 745 811 videntur,
772 760 837 817 cnjus

140 830 311 890 inetaphysicarn
327 828 437 886 quandam
451 830 564 872 notionem
580 830 603 872 in
615 830 713 888 epistolis
728 830 755 871 ad
765 828 837 884 Ephe-

142 901 186 942 sios
202 906 224 941 et
239 897 383 939 Colossenses
402 897 511 940 interdum
531 899 738 956 conspicuamnon
758 897 838 938 debere

141 970 165 1011 in
190 966 262 1010 nostri
285 964 338 1007 libri
358 964 416 1006 dicta
434 965 517 1022 pariter
540 966 661 1008 transferri.
702 964 837 1007 Fritzschius

141 1051 192 1080 cum
207 1032 331 1077 Ruecberto
345 1033 392 1075 lere
406 1033 506 1075 sentiens
521 1033 595 1076 verbis
611 1031 622 1076 ὃ
638 1032 688 1082 υἱὸς
699 1049 721 1075 τ.
734 1037 760 1076 d.
778 1035 838 1088 „nd-

141 1120 191 1147 men
210 1109 340 1158 augustum,
368 1100 405 1143 cui
425 1116 474 1143 eum
494 1101 543 1144 Deo
564 1102 687 1145 arctissima
704 1101 837 1158 'conjunctio
883 1107 885 1109 ’

140 1170 294 1224 intercedat,“
307 1161 433 1226 significari
447 1178 529 1213 censet.
565 1162 663 1214 tttrnasse
680 1171 773 1213 Paulum
789 1178 837 1213 sen·

140 1240 232 1283 tentiam
246 1244 366 1296 posteaque
384 1252 448 1280 secus
467 1246 532 1295 atque
551 1240 573 1281 in
593 1240 658 1281 libris
677 1238 789 1296 prioribus
810 1238 838 1280 dc

141 1308 231 1351 Christo
246 1305 381 1364 disputasse,
405 1321 458 1347 num
478 1308 564 1348 ostendi
585 1307 656 1364 possit
677 1305 763 1349 dubiem
794 1304 838 1348 Sed

140 1383 217 1419 nostro
232 1374 281 1416 loco
296 1375 340 1415 hoc
355 1378 413 1432 certe
428 1375 522 1432 quisque
538 1374 610 1428 dabit,
627 1374 687 1434 qnod
702 1374 777 1431 magni
791 1384 838 1417 mo·-

141 1442 210 1487 menti
226 1449 272 1489 est,
303 1443 327 1484 iu
348 1440 432 1483 Christi
452 1457 547 1500 persona
569 1444 622 1485 duas
643 1451 715 1503 partes
734 1457 746 1483 a
766 1442 837 1485 Paulo

141 1510 255 1564 distineri,
272 1526 363 1567 quarum
379 1509 447 1552 altera
462 1525 510 1551 cnm
526 1511 641 1553 hominum
656 1510 699 1554 vita
714 1526 739 1552 ae
754 1511 837 1553 mundo

143 1578 226 1624 visibili
241 1579 367 1631 cohaereat,
382 1576 448 1619 altera
463 1593 474 1618 a
489 1577 538 1620 Deo
554 1579 648 1636 ejusque
659 1577 738 1635 spiritu
749 1578 778 1620 sit
789 1576 837 1636 pro-

141 1651 206 1692 fecta·
247 1645 300 1687 Eam
322 1645 368 1688 sive
385 1646 438 1687 svirn
460 1645 555 1689 divinam
575 1647 599 1688 in
620 1643 707 1689 Christo
727 1646 838 1689 efficacem

141 1718 187 1761 sive
211 1721 311 1757 naturam
334 1730 374 1755 sen
398 1713 543 1755 substantiam
562 1728 680 1768 vocamuS‚
706 1714 759 1773 quid
776 1715 838 1759 >enim

141 1785 223 1829 rectius
234 1782 267 1824 sit
282 1797 327 1824 non
342 1782 480 1839 dignoscitur
494 1781 540 1824 illis
559 1782 646 1836 verbis,
672 1782 762 1825 omniuo
783 1783 837 1826 divi·

141 1870 194 1896 num
217 1850 302 1908 aliquid
323 1849 413 1891 habebis
435 1847 525 1892 Christo
548 1851 662 1908 proprium
683 1859 710 1893 et
730 1853 838 1895 humanae

141 1923 189 1979 ejas
205 1918 329 1962 conditioni
350 1933 375 1959 ac
395 1916 497 1978 fortunae
518 1919 649 1976 oppositum.
685 1918 758 1976 Quod
771 1922 839 1978 igitur

140 1992 164 2034 in
180 1987 258 2049 quovis
275 1985 363 2028 homine
380 1985 463 2044 ingenii
480 1994 524 2042 est,
545 1995 569 2029 nt
584 1987 649 2029 distat
664 1989 790 2047 a'corp'oris
802 1996 837 2032 re.-

141 2071 234 2115 rumque
257 2055 392 2096 terrestrium
413 2055 534 2111 augustin,
562 2055 629 2099 simili
653 2057 718 2098 modo
737 2058 839 2114 superior

141 2126 226 2172 Christi
240 2138 305 2183 pars,
325 2124 345 2165 si
359 2123 421 2165 venia
440 2130 473 2164 cst
492 2124 522 2165 ita
535 2119 651 2183 loquendi,
667 2125 691 2167 in
702 2124 769 2167 altum
780 2127 838 2169 nude

142 2206 188 2241 orta
204 2201 249 2236 erat
268 2191 362 2233 eminuit
382 2199 404 2233 et
423 2207 505 2233 numen
526 2193 608 2249 attigit:
625 2193 696 2248 cujus
716 2193 838 2238 divinitatis

141 2274 200 2307 tanta
215 2262 272 2303 inter
287 2260 388 2302 homines
403 2260 533 2303 documenta
550 2261 607 2303 edita
628 2269 692 2316 sunt,
717 2267 742 2303 ut
760 2262 838 2307 Jesum

141 2333 183 2376 Dei
200 2344 247 2371 csse
263 2328 332 2372 lilium
348 2328 400 2370 inde
414 2329 535 2372 novissent,
834 2336 836 2340 “

196 2397 248 2441 Non
264 2398 335 2439 differt
350 2397 409 2455 qnod
424 2397 489 2440 Rom.
503 2397 526 2451 3,
542 2398 557 2439 5
571 2397 691 2441 discrimen
702 2399 837 2444 animadver-

140 2472 219 2522 timus,
246 2465 284 2508 ubi
298 2467 400 2524 proprius
415 2466 458 2508 Dei
474 2468 487 2508 f.
503 2459 559 2522 (τὸν
574 2467 657 2510 ἑαυτοῦ
672 2466 736 2518 vide)
757 2468 837 2512 missus

140 2548 161 2583 et
175 2536 248 2580 carnis
263 2535 360 2592 peccatis
375 2535 484 2592 mortique
499 2533 591 2578 obnoxii
611 2535 756 2579 similitudine
771 2537 837 2580 tradi-

139 2618 176 2650 tur
190 2604 281 2647 indutus
296 2618 358 2658 esse,
379 2610 402 2644 ut
417 2619 519 2661 pravam,
539 2603 633 2661 quaein
653 2611 714 2647 artus
729 2606 837 2649 humanos

139 2674 279 2732 irrepsisset,
300 2672 395 2728 spiritali
410 2687 449 2713 sna
464 2661 485 2713 ri
502 2671 642 2730 integerrima
662 2673 755 2715 dilueret
770 2681 836 2717 urata·

138 2747 199 2789 elem.
229 2739 344 2786 Adsensit
366 2750 387 2782 ct
406 2741 469 2798 quasi
490 2749 600 2782 rnrrtuatus
620 2749 653 2782 est
668 2740 700 2781 'ab
721 2741 759 2783 hac
780 2752 836 2788 terra
