1851 3132
123 370 183 441 vtatae
198 385 261 436 sunt,
278 379 385 424 desinunt
402 373 511 425 nimirum*
523 388 566 424 tam
581 378 706 438 praeclarae
721 387 743 423 et
758 380 825 425 admi-

125 447 208 500 rabiles
223 447 309 492 haberi·
374 458 375 461 ’
396 499 398 502 .
417 506 420 509 y
551 504 553 507 .
726 494 728 496 ,

178 515 244 571 'Quid
258 517 352 574 mirum,
368 517 427 577 quod
441 517 499 562 illud
514 515 686 575 explicationnm
700 516 776 574 'genus
791 532 826 561 re-

125 586 240 628 hementer
253 585 330 629 multis
346 585 475 643 displicuit?
498 583 533 629 Ne
547 584 612 629 illum
631 584 722 645 quidem
740 600 826 639 omnes,

126 654 166 713 qui
180 656 247 711 vulgo
262 651 345 705 fertur,
361 654 517 698 historicorum
532 653 712 712 pra'gmati‘smum
727 668 826 712 compro-

125 721 219 776 barunt,
235 736 263 764 ex
277 737 321 780 quo
336 721 414 775 multi,
431 732 500 781 quum
513 737 550 764 res
571 729 644 780 gestas
659 721 759 780 singulas
779 729 826 765 tan-

126 805 192 848 quam
207 789 307 848 priorum
322 791 411 833 effeetus
420 798 442 833 et
451 790 592 850 sequentinm
602 804 678 833 causas
691 797 828 848 spectassent

127 858 246 916 omniaque
266 856 395 901 elicuissent
413 859 476 917 quasi
495 874 523 901 ex
541 857 735 909 antecedentibus,
752 851 827 908 officio

127 940 175 967 esse
199 925 318 983 perfunctiv
337 925 381 968 sibi
406 927 552 970 viderentur
575 925 683 969 Obstabat
702 925 827 983 dogmatica

124 994 449 1053 vinterpretandaescripturae¹
459 996 516 1039 ratio
531 995 557 1037 in
578 1009 603 1037 eo
619 993 704 1052 posita,
719 1001 745 1036 ut
759 992 828 1052 quod·

126 1060 160 1104 ris
175 1077 220 1104 non
236 1062 296 1104 unde
310 1063 412 1105 haustum
428 1071 486 1106 esset
497 1062 571 1106 oblato
582 1062 728 1121 scriptoribus
739 1059 828 1104 divinae

125 1121 247 1192 voluntatis
258 1130 368 1188 impulsu,
385 1131 423 1173 sed
442 1131 497 1185 quid
519 1131 655 1184 contineret,
676 1145 742 1189 quam
759 1127 829 1171 ntem

126 1197 208 1239 faceret
217 1202 366 1255 quaereretur.
396 1197 459 1253 Quin
468 1199 539 1241 etiam
553 1197 715 1241 nonnullorum
728 1197 828 1240 virorum

125 1266 218 1309 nomina
233 1259 284 1308 nota
299 1266 406 1309 habemns
427 1266 494 1324 longe
513 1266 655 1323 celeberrima
661 1270 670 1321 ,’
689 1264 829 1327 quinorum

126 1333 204 1376 foedus
221 1349 289 1392 quum
305 1349 344 1376 sna
363 1335 492 1378 anctoritate
512 1334 592 1378 fultum
613 1329 731 1385 constaret
750 1332 828 1376 varetis·

67 1420 70 1427 ,
127 1393 184 1443 sime
196 1409 335 1445 eumvetere
350 1392 459 1461 conjungi
473 1404 512 1446 rix'
525 1403 586 1461 passi
601 1409 662 1445 sunt.
688 1400 830 1460 Quamquam

127 1485 153 1512 eo
168 1461 468 1531 usqnernemin-iproce'dere
482 1470 555 1520 licuit,
573 1477 598 1512 ut
612 1470 640 1512 ab
654 1469 829 1528 imperitioribus

80 1567 81 1570 ,
126 1537 232 1580 historiae
247 1543 268 1579 et
282 1537 435 1599 Hebraeorum
450 1538 534 1598 scripte
544 1537 699 1595 ignorantibus
712 1537 748 1581 vel
762 1537 830 1580 hosce

126 1604 197 1648 libros
212 1605 308 1664 intelligi
324 1613 345 1648 et
361 1605 469 1665 explicari
488 1620 555 1664 posse
576 1606 726 1649 contenderet.
763 1598 830 1647 Prae·

127 1675 197 1717 stabat
215 1673 284 1730 igitur
305 1674 411 1717 historica
432 1688 468 1716 ars
486 1681 512 1716 et
529 1673 585 1717 ratio
607 1674 632 1717 in
653 1672 830 1733 interpretando,

127 1752 171 1801 qna
186 1741 283 1783 adbibita
299 1757 368 1800 quum
383 1741 450 1785 dubia
465 1742 532 1784 multa
547 1741 647 1800 relinqui
662 1742 772 1797 solerent,
793 1755 829 1783 su-

127 1809 237 1868 periorem
253 1809 317 1863 etiam
332 1809 463 1868 interpretes
479 1825 579 1852 normam
590 1810 735 1868 quaerebant,
750 1808 830 1868 illique

127 1876 293 1937 praeponebant
308 1878 354 1920 sive
368 1876 518 1921 Christianam
538 1879 585 1921 sive
606 1878 770 1936 pneumatieam
784 1878 831 1921 sive

127 1945 252 1988 technieam
266 1961 305 1989 sen
324 1962 457 2005 quacunque
472 1945 514 1988 alia
528 1962 583 1990 rece
597 1946 777 2008 nuncupandam.

456 2093 510 2149 §a

185 2205 230 2250 Sed
244 2206 338 2250 multum
352 2205 428 2264 abest,
444 2215 468 2250 ut
486 2208 541 2252 haee
561 2223 573 2250 a
592 2207 658 2251 nobis
676 2206 832 2265 vituperando·

128 2291 178 2318 rum
192 2279 256 2318 eausa
272 2275 361 2319 illorum
376 2276 521 2334 interpretum
540 2275 679 2335 praemonita
697 2275 757 2331 sint,
778 2290 833 2334 quo-

129 2359 177 2385 rum
192 2359 291 2400 errores,
307 2343 379 2387 sicubi
393 2344 450 2387 sorte
469 2346 527 2403 lapsi
547 2351 612 2398 snut,
632 2343 697 2388 facile
716 2352 832 2398 notantur,

129 2427 194 2469 aegre
209 2427 234 2454 ae
243 2412 318 2455 multo
334 2429 384 2456 cnm
398 2414 475 2456 labore
489 2414 516 2456 ab
532 2414 582 2472 ipso
604 2414 766 2472 reprehensore
787 2413 832 2457 eri·

124 2487 211 2523 tantur.
241 2479 324 2522 Verum
339 2481 468 2539 priusquam
484 2498 540 2541 opus
556 2482 676 2541 quoddam,
688 2481 832 2540 aggrediaris,

130 2550 191 2592 decet
212 2547 266 2607 quid
290 2550 385 2591 maxime
408 2550 503 2607 periculi
523 2550 636 2593 subiturus
662 2551 694 2593 sis
715 2550 834 2608 diligenter

128 2616 263 2676 prospicere.
280 2615 362 2658 Sumus
372 2624 444 2658 autem
453 2618 496 2660 hoe
505 2625 605 2677 tempore
621 2619 647 2661 de
668 2633 694 2661 ea
708 2622 733 2661 're
747 2633 788 2677 pro
802 2618 833 2661 ri·

128 2685 165 2727 rili
176 2684 328 2744 parteactnri,
339 2699 405 2743 quam
417 2686 457 2729 uhi
470 2687 576 2731 historice
587 2687 834 2735 tractaverimus,‘-ne·

129 2769 172 2812 quc
182 2758 260 2812 potest
271 2769 317 2799 non
325 2754 430 2798 historice
445 2756 548 2812 tractari,
560 2782 585 2788 -
597 2755 718 2800 cavendum
733 2754 787 2809 erit,
806 2769 835 2800 ne

693 2836 724 2879 μ
