1851 3132
452 189 488 231 78

119 326 170 385 pius
186 333 259 369 tamen
275 326 302 367 ad
316 325 440 369 iohannem
456 315 819 385 appropinquavit,taudinjuria

119 395 212 437 dicetur.
242 394 362 451 Postquam
377 398 429 436 vero
438 432 440 435 .
450 393 489 435 ab:
497 392 618 451 interprete
636 394 713 438 critico
732 395 820 454 singulo

77 487 78 491 =
121 477 222 521 quaeque
247 461 350 515 collecta,
380 460 492 522 explorata
516 469 540 504 et
559 460 665 514 distincta
678 470 750 520 sunt,
773 464 820 522 jam

120 530 296 590 dogmaticorum
317 530 359 571 hoc
379 527 484 586 studium·
498 529 585 587 coepit,
610 532 768 588 ut-snperiore
787 534 819 576 di-

118 597 233 657 judicandi
249 596 335 639 ratione
361 596 561 646 iuventa-diversa
580 597 654 656 quoad
675 598 723 641 fieri
746 607 820 659 potest

120 666 226 716 conciliet
236 672 269 707 et
281 664 308 705 ad
325 679 468 707 communem
486 673 574 709 revocet
593 668 736 710 senteutiam:
761 669 820 727 quod

121 734 234 792 negotium
249 732 273 774 in
289 733 409 791 decutiam
431 734 562 792 quaestione
579 749 686 793 prospere
701 736 821 792 gerendum

120 819 167 846 uon
183 809 217 844 est
231 800 291 860 quod
305 799 453 858 desperemus,
507 823 508 826 =

177 868 230 912 Non
248 875 333 911 tanturn
352 868 489 912 Messiauum
512 869 595 912 Christi
613 885 695 926 munus
714 870 758 913 Dei
780 871 833 914 [iiii

121 939 212 982 nomine
233 937 320 989 ornari,
336 946 357 980 et
371 937 472 996 plerique
486 937 623 994 largiuntur,
644 938 705 980 etde
721 938 821 982 Wettius

121 1021 194 1066 nuper·
213 1005 237 1047 iu
258 1005 421 1048 commentariis
442 1004 530 1063 saepius
550 1004 699 1067 confirmavit:
725 1006 749 1047 in
768 1022 821 1064 pro-

120 1074 194 1133 patulo
210 1073 269 1115 enim
282 1079 325 1126 est,
342 1088 407 1131 quam
416 1072 478 1115 Deus
486 1072 762 1130 ,provinciamtradiderin
773 1090 821 1117 eam

120 1158 166 1185 nou
182 1141 283 1200 potuisse
297 1141 342 1183 nisi
361 1140 448 1184 homiui
460 1139 600 1199 'dignissimo
620 1149 642 1183 ct
653 1141 821 1199 'spectatissimo

122 1209 237 1253 committi.
273 1209 337 1252 Licet
350 1208 485 1252 iudaeorum
500 1208 563 1251 multi
578 1209 633 1250 nihii
649 1216 736 1267 praeter
755 1224 822 1266 opera

122 1276 264 1335 exsequenda
286 1277 311 1319 in
330 1275 413 1319 Messio
436 1276 596 1334 spectaverint,
621 1292 661 1318 rios
686 1277 822 1334 gravissimis

122 1346 243 1402 scripturae
260 1344 318 1387 iocis
343 1345 446 1387 commoti
465 1359 492 1385 er
513 1344 584 1401 ipsius
604 1342 688 1386 Christi
707 1344 781 1387 auimo
801 1353 823 1388 et

121 1415 164 1460 ritu
179 1428 203 1458 ea
219 1412 355 1470 repetimus,
371 1411 452 1469 quibus
466 1411 540 1467 justus
555 1411 594 1453 ille
609 1411 681 1459 honor
695 1414 820 1456 conveniat.

121 1481 223 1525 Mutuum
238 1480 309 1538 patris
328 1479 415 1537 filiique
434 1494 543 1534 amorem,
563 1479 674 1536 insignem
693 1479 755 1522 illius
774 1497 821 1538 gra·

121 1551 182 1605 tiam,
198 1548 240 1590 {iiii
255 1547 363 1590 sinceram
377 1547 533 1600 reverentiam,
549 1546 645 1605 denique
655 1547 822 1591 benevolentiae

88 1675 90 1678 7
122 1633 174 1675 erga
189 1617 290 1659 homines
305 1615 417 1658 caritatem
433 1615 551 1656 fortissime
571 1615 678 1657 declarari
698 1623 719 1657 et
734 1617 822 1660 ostendi

121 1691 219 1727 constat:
234 1697 263 1726 ex
278 1698 321 1743 qno
337 1691 417 1725 arctam
432 1684 490 1725 iuter
504 1689 622 1743 utrumque
635 1683 758 1727 voluntatis
768 1701 819 1728 cou-

121 1753 218 1796 cordiam
234 1766 281 1793 csse
296 1751 404 1810 sequitur,
419 1766 466 1793 earu
481 1765 542 1805 vero,
557 1752 639 1810 inqua
654 1751 710 1806 filio,
726 1760 750 1794 ut
760 1754 819 1797 uitro

121 1822 171 1865 Deo
182 1835 230 1868 sese
240 1819 370 1875 subjiceret,
381 1819 478 1876 ingenua
488 1819 595 1877 qrraedam
606 1819 735 1863 deliberatio
745 1822 821 1865 relicta

121 1889 159 1931 sit.
188 1887 224 1931 De
239 1888 282 1930 hac
293 1887 371 1930 morali
386 1888 550 1942 communione7
565 1888 602 1930 cui
616 1887 723 1931 mirabilis
739 1889 782 1933 Dei
797 1891 821 1933 iu

122 1957 169 2000 filio
185 1956 282 2014 cognitio
297 1955 439 2014 respondeat,
455 1972 523 2014 quum
535 1956 611 1998 omnis
626 1963 650 1998 ut
664 1957 719 1999 mihi
734 1958 821 2001 videtur

88 2051 91 2054 -
121 2026 186 2068 uobis
203 2024 311 2067 dubitatio
327 2025 423 2083 praecisa
439 2025 482 2078 sit,
508 2025 621 2082 quaeritur
641 2024 699 2066 uude
714 2027 771 2069 lianc
786 2042 820 2069 so·

121 2094 220 2136 cietatem
236 2101 294 2136 recte
309 2094 440 2136 derivemus.
471 2092 586 2150 Equidem·
595 2093 652 2146 nihii
662 2094 722 2148 novi,
737 2109 764 2136 ex
775 2110 820 2152 quo

121 2172 191 2205 ortam
211 2177 260 2203 esse
276 2177 326 2208 ,eam
344 2162 453 2214 arbitrer,
484 2161 528 2202 uisi
545 2162 608 2219 ,quod
624 2169 701 2204 natura
717 2161 820 2205 Christus

121 2231 170 2274 Deo
191 2230 305 2288 proximus
324 2231 373 2272 fuit.
409 2229 506 2271 Naturae
525 2230 597 2282 enim,
622 2231 642 2271 si
662 2230 735 2272 latiori
753 2246 820 2272 seusu

122 2298 403 2357 uocabulumaccipirrrus,
430 2297 469 2340 ilia
482 2312 534 2338 esse
548 2297 637 2356 putavi,
657 2313 728 2356 quoe,
752 2313 820 2355 quum

122 2367 149 2410 ab
165 2365 230 2409 initio
245 2367 306 2409 cordi
320 2367 387 2409 insita
403 2366 460 2415 siut,
477 2366 540 2408 nulio
555 2365 737 2424 'consilio-neque
753 2367 821 2409 animi

121 2434 265 2477 contentione
275 2435 423 2493 assequimur.
458 2433 579 2476 Recundita
594 2435 648 2476 haec
663 2442 686 2476 et
700 2436 775 2478 innata
791 2436 820 2477 et-

121 2504 167 2547 licit
181 2504 226 2558 vis,
242 2509 266 2544 nt
280 2501 338 2544 ultre
353 2503 439 2545 animus
455 2504 481 2545 ad
497 2503 533 2557 iu,
547 2502 606 2544 rrnde
621 2502 712 2546 haustus
728 2507 774 2562 eac,
789 2503 820 2544 fc·

120 2583 188 2616 ratur.
224 2571 342 2614 Sacrorum
362 2572 493 2629 scriptorum
514 2570 589 2613 nullus
612 2569 702 2613 Christo
719 2580 820 2613 naturam

122 2641 220 2695 diuinam
235 2640 322 2682 disertis
335 2637 410 2682 *veihis
425 2641 557 2697 assignavit5
573 2646 665 2682 attamen
681 2646 719 2681 out
734 2640 821 2695 egregie

122 2708 199 2764 fallor,
212 2713 252 2750 ant
266 2706 297 2749 ita
311 2706 436 2765 disputant,
453 2715 477 2750 ut
491 2707 575 2751 fontem
589 2707 820 2765 aliqucmvsupremum
