1851 3132
442 133 487 215 ⁴32

120 305 217 350 eundum
232 305 495 358 confidentialabantem
510 309 606 352 animum
626 308 728 353 firmarit.
757 309 818 353 Atta=

119 390 171 417 men
190 375 292 430 solvendi
309 376 363 419 nodi
382 375 495 436 ingeniosi
514 378 555 422 viri
572 376 818 435 periculnmfeccceff)

120 441 311 499 Quemadmodum
329 444 416 502 saepius
433 445 514 503 Jesns,
534 459 590 504 quae
615 437 750 490 Judaeornm
764 462 818 492 mos

120 519 143 555 et
156 512 237 571 religio
252 512 348 569 ferebat,
371 512 490 571 diligenter
515 513 652 570 observavit,
678 513 709 557 ita
729 530 759 558 nc
777 517 820 559 hoe

120 581 211 638 quidem
225 581 269 623 ritu
284 580 388 639 perfungi
403 597 454 625 eum
472 581 586 637 dedecuit,
601 597 645 640 quo
665 597 711 624 non
730 591 821 640 peccata

120 649 256 706 abstergeret
277 663 317 692 seu
340 649 461 708 deponeret
480 650 547 693 animi
573 651 671 693 studium
689 650 763 694 minus
781 652 820 695 bo·

120 733 187 769 num,
207 733 281 761 verum
300 717 392 776 publico
412 718 456 761 Dei
476 719 601 762 ministerio
622 719 686 778 quasi
705 735 750 762 uno
770 727 820 763 actu

121 793 193 829 totum
213 801 262 829 sese
280 785 364 829 dicaret
387 801 491 845 opusque
517 787 675 846 perficiendum
699 788 821 831 accederet.

121 854 174 900 Non
189 869 228 913 per
243 855 341 913 speciem
355 855 421 897 toties
436 856 506 908 Deum
524 855 655 913 precabatur
674 871 747 914 neque
761 871 820 899 erro-

122 939 172 967 rum
189 923 276 965 veniam
294 923 416 981 petiturus,
437 922 476 964 sed
491 929 515 965 ut
534 936 616 965 numen
637 922 751 966 invisibile
771 939 821 966 eum

123 991 227 1034 omnibus
242 991 283 1032 bac
297 990 395 1032 interra
415 988 547 1046 degentibus
566 989 667 1033 adoraret
686 994 752 1048 atque
772 991 821 1051 ipse

122 1061 156 1118 pii
170 1059 251 1102 ameris
266 1074 333 1101 sensu
348 1058 427 1100 intimo
442 1059 560 1102 frueretur.
589 1057 663 1115 Hujus
679 1059 777 1117 quidem,
795 1060 822 1102 de

124 1143 169 1188 ipro
179 1128 283 1183 dicimus,
299 1127 373 1169 eventi
383 1126 428 1169 vim
443 1141 468 1168 ac
477 1126 584 1179 rationem
594 1127 618 1168 in
629 1141 655 1169 co
665 1127 759 1185 positam
774 1144 823 1172 esse

124 1196 232 1246 arbitror,
248 1195 308 1253 quod
323 1194 350 1236 ad
364 1194 420 1237 Jcsu
433 1194 569 1238 voluntatem
581 1201 602 1236 et
613 1196 731 1238 consilium
742 1197 823 1240 summi

124 1264 170 1308 Dei
196 1261 301 1314 assensus
324 1261 410 1319 insigni
427 1262 496 1304 modo
508 1262 673 1319 comprobatae
692 1265 822 1321 accesserit,

125 1340 149 1380 nt
162 1331 222 1374 idem
242 1323 332 1388 agentes
351 1335 373 1371 et
391 1336 473 1388 patrem
494 1335 515 1371 et
537 1328 608 1371 fitium
627 1328 694 1394 simul
714 1337 822 1375 tueamur.
852 1326 854 1329 ¹

124 1401 191 1445 Jesus
206 1398 316 1458 aquamin
331 1411 355 1439 se
366 1396 472 1440 confundi
483 1397 579 1449 curarit,
595 1411 624 1439 ne
634 1412 690 1455 opus
697 1397 745 1455 jam
755 1400 823 1443 maxi-

123 1484 185 1512 mum
200 1467 343 1525 adgressurus
358 1464 404 1507 ulio
420 1465 554 1508 exercendae
569 1478 621 1521 erga
635 1464 709 1507 Deum
722 1481 822 1509 reveren-

124 1538 169 1580 tiae
183 1535 256 1579 officio
271 1532 437 1591 supersederet:
453 1532 515 1574 Deus
530 1545 582 1575 uero
597 1531 661 1589 quasi
672 1531 699 1574 de
714 1532 774 1575 coele
789 1548 824 1576 sa-

124 1604 206 1649 lutavit
219 1601 367 1645 verecundum
382 1600 462 1650 filium,
478 1606 500 1642 et
515 1614 542 1640 ex
556 1598 661 1641 inferiore
674 1599 724 1642 loco
739 1601 766 1642 ad
784 1602 823 1644 bo-

103 1710 106 1713 .
124 1687 192 1721 nores
203 1657 293 1712 debitos
308 1668 424 1727 promovit.
454 1667 560 1725 Ejusdem
574 1667 598 1709 in
611 1667 712 1710 columba
727 1682 824 1727 superne

126 1740 221 1783 demissa
235 1752 301 1796 quam
315 1737 382 1779 verba
397 1736 435 1778 ilia
456 1735 583 1794 exprimunt
601 1734 672 1779 divini
689 1735 771 1778 favoris
786 1752 823 1794 pa·

125 1810 212 1866 trisque
225 1805 348 1864 praesentis
368 1803 453 1861 effigies
472 1803 582 1853 cernitur,
606 1810 632 1845 ut
651 1809 768 1862 utrumqne
786 1805 824 1847 ba·

125 1877 200 1922 buerit
215 1882 236 1917 ct
253 1872 368 1931 potestatis
383 1886 436 1915 suae
451 1879 472 1915 et
486 1878 590 1931 pateruae
604 1870 723 1924 voluntatis
742 1871 824 1922 firmis·

125 1948 205 1990 simum
221 1943 382 1985 documentum.
397 1940 424 1982 ld
439 1940 459 1983 si
473 1946 532 1982 recte
542 1939 651 1998 explicui,
666 1939 690 1982 in
710 1941 825 1984 eonscien-

124 2017 155 2060 tia
173 2011 257 2069 Christi
276 2023 393 2068 sensuque
408 2009 440 2051 rei
463 2007 517 2051 finis
537 2014 558 2050 ct
579 2008 668 2051 effectus
692 2009 823 2060 vertebatur,

125 2079 244 2128 dummodo
264 2094 293 2120 ne
312 2078 366 2121 adeo
385 2092 435 2119 eum
460 2078 555 2120 bumana
570 2075 647 2120 indole
661 2090 781 2130 exuamus,
801 2084 826 2119 ut

125 2169 155 2199 ne
165 2153 208 2197 bac
221 2147 312 2207 quidem
327 2146 370 2190 Dei
389 2145 555 2206 significatione
573 2143 701 2202 eguerit.**)
721 2142 825 2189 Gratissi-

160 2305 175 2349 ·)
187 2301 234 2335 Vide
246 2297 317 2333 Lueclse
328 2298 349 2331 in
360 2294 402 2330 Job.
417 2293 485 2328 Comm.
497 2291 513 2327 I.
526 2305 545 2339 p.
558 2291 598 2327 538
610 2292 654 2329 edit.
663 2292 680 2325 11
685 2318 692 2335 ,
705 2298 722 2328 et
730 2306 825 2341 quaecon·

149 2396 151 2399 r
182 2364 210 2394 tra
223 2368 263 2391 eum
275 2354 373 2400 disputarit
385 2352 459 2386 Strauss
471 2350 492 2388 L.
505 2350 524 2387 J.
535 2349 554 2390 l,
566 2363 585 2396 p.
599 2348 643 2384 455.

161 2432 181 2475 ⁸¹)
195 2429 260 2461 Poetae
271 2424 321 2457 baud
334 2434 376 2456 raro
393 2433 459 2455 corona
473 2421 536 2455 laurea
551 2420 611 2453 ornati
625 2420 730 2464 munerique
747 2431 780 2454 suo
796 2421 825 2452 de·

183 2485 240 2520 dicati
253 2485 304 2521 sunt,
320 2481 392 2513 tainotsi
408 2480 474 2513 scirent
487 2477 579 2520 homines,
594 2488 631 2510 non
646 2488 699 2523 posse
715 2477 764 2519 illos,
777 2478 826 2521 quod

183 2548 250 2583 natura
261 2538 382 2585 possiderent,
395 2537 476 2582 ipsorum
487 2537 553 2569 iterum
565 2535 672 2580 benignitati
684 2534 755 2568 debere.
782 2533 827 2566 Erat

183 2597 242 2634 tamen
254 2598 304 2631 adid
314 2596 448 2630 accommodata
460 2593 586 2637 inauguratio,
599 2605 622 2626 ne
633 2590 713 2626 internae
728 2593 792 2636 pactae
804 2591 826 2623 de

182 2669 202 2693 se
213 2655 326 2702 persuasioni
337 2652 448 2687 auctoritatis
460 2652 510 2699 apud
519 2656 600 2685 caeteros
606 2650 691 2697 publicae
703 2649 825 2683 testimonium

182 2716 259 2750 deesset.
