1851 3132
252 1095 254 1098 .
290 1036 607 1098 Praefatio.
641 1009 643 1011 ¹

97 1292 214 1377 Plerique
228 1317 270 1362 viri
285 1317 356 1372 docti,
371 1318 410 1378 qui
425 1318 468 1362 lroc
483 1317 570 1362 saeculo
581 1313 719 1376 explicandis
734 1313 799 1357 libris

99 1387 167 1430 sacris
188 1401 276 1446 operam
300 1394 420 1439 naverunt,
447 1386 539 1446 praefati
558 1384 722 1429 commentariis
742 1376 797 1433 suis,

97 1454 138 1497 uhi
154 1455 331 1510 hermeneuticae
349 1454 405 1513 legis
419 1455 578 1514 proponendae
591 1453 655 1498 locus
666 1459 713 1503 est,
728 1450 799 1510 gram-

98 1522 341 1576 maticeetflristorice
363 1538 388 1565 sc
410 1523 543 1582 scripturam
567 1524 725 1582 interpretatos
750 1533 799 1583 esse

98 1589 333 1634 lectoriadnuneiant.
363 1590 427 1635 Hane
442 1607 548 1642 normam,
563 1608 610 1635 non
631 1603 718 1647 semper
737 1602 799 1631 accu-

91 1665 145 1702 rato
161 1657 273 1702 delinitam
286 1667 331 1701 tam
345 1660 488 1702 vehementer
507 1659 646 1718 probarunt,
666 1664 691 1701 ut
710 1656 800 1715 quiea·

98 1725 194 1779 dcmlvia
209 1727 360 1785 procederent,
372 1728 484 1786 aequalem
494 1728 561 1772 etiam
576 1727 684 1783 adfinem
700 1724 800 1768 crederes

89 1793 166 1836 vfnisse
180 1801 332 1852 perventuros.
361 1797 393 1839 Ar
408 1812 475 1855 quum
491 1797 563 1840 nihilo
582 1796 656 1839 miuus
671 1793 710 1837 alii
729 1793 773 1836 alia
788 1806 801 1833 e

98 1860 163 1914 libris
176 1870 292 1919 eruerent,
310 1878 350 1907 nec
365 1864 392 1907 de
407 1865 542 1923 gravissimis
558 1864 648 1923 quidem
659 1866 729 1905 esset
742 1859 801 1903 inter

99 1944 176 1982 ornnes
192 1946 316 1974 cousensus
324 1963 333 1986 ,
352 1932 441 1976 latioris
451 1933 575 1992 >potestatis
596 1931 696 1989 regulam
711 1944 770 1984 esse·—
780 1935 801 1970 et

98 2011 155 2055 quae
170 1997 289 2042 subtiliore
303 1999 450 2058 explicatione
465 2000 676 2057 egeret-apparebat.
707 1995 801 2039 Constat

98 2064 178 2123 regula
188 2065 273 2109 duabus
289 2066 392 2125 partibus
399 2066 473 2125 iisque
483 2066 626 2125 conjunctis,
641 2080 736 2125 quarum
745 2063 800 2122 alte·

87 2149 145 2176 ‘rarn
159 2148 231 2192 paene
246 2133 379 2192 superfluam
394 2134 483 2178 habeas.
506 2134 570 2190 'Quis
586 2135 646 2178 enim
663 2147 761 2191 unquam
777 2146 801 2175 se

91 2216 144 2244 uon
159 2202 299 2259 grammatice
313 2201 379 2246 malle
389 2202 538 2262 vinterpretari
557 2202 664 2262 gloriatus
679 2199 725 2244 est?
753 2198 801 2242 llle·

99 2270 189 2323 mineris
204 2270 273 2329 igitur
287 2277 385 2329 oportet,
405 2270 506 2330 praecipi
524 2272 566 2315 hae
588 2270 652 2330 lege,
672 2276 697 2313 ut
715 2275 802 2328 praeter

98 2337 222 2395 generalem
237 2339 390 2397 grammatices
404 2347 472 2383 artem
487 2339 647 2384 observandam
667 2337 801 2399 peculiarem

60 2439 65 2448 ,.
99 2405 162 2448 ctiam
183 2405 273 2450 dicendi
287 2423 352 2451 usum
367 2415 389 2451 et
402 2408 586 2457 consuetudinem
601 2408 683 2468 cuique
697 2406 802 2465 scriptori

98 2475 211 2533 propriam
225 2474 335 2535 interpres
351 2478 499 2535 pervestiget,
513 2492 569 2523 neve
588 2493 601 2521 a
614 2477 687 2537 primo
701 2491 727 2519 ac
750 2474 801 2518 sim·

99 2542 154 2604 plici
169 2544 290 2602 scripturae
303 2559 476 2605 sensunuquam
493 2546 596 2591 declinet.
627 2545 688 2589 Tum
703 2542 757 2604 quid
772 2542 802 2585 sit

98 2610 205 2655 historice
214 2612 366 2672 interpretari,
380 2613 411 2658 ita
421 2615 543 2672 deliniunt,
559 2624 584 2660 ut
593 2614 680 2673 aetatis,
696 2611 801 2672 qualihri

54 2721 55 2724 ,
100 2679 153 2724 editi
173 2681 227 2735 sint,
247 2681 424 2742 scriptorumque
453 2684 538 2744 ubique
552 2672 664 2736 rationem
678 2679 802 2725 habendam

90 2763 148 2791 ‚esse
162 2751 296 2795 ostendant:
316 2750 361 2797 Sed
378 2753 446 2812 hujus
456 2754 541 2813 negotii
554 2753 658 2812 gerendi,
674 2766 742 2810 quum
758 2765 801 2796 am·

648 2835 661 2877 1
