1851 3132
152 332 191 373 bes
206 322 279 373 tamen
295 345 341 372 eant
357 346 403 373 nun
419 341 495 374 natura
510 330 557 375 filio
572 326 661 375 insitam
680 331 796 388 virtutem,
816 335 855 378 set

152 402 176 442 iu
191 415 240 442 eum
256 408 315 442 certo
331 407 431 457 tempore
445 399 529 455 (bodie)
550 399 616 443 simul
636 414 687 443 eum
706 401 800 460 imperio
820 418 854 445 ea.

151 468 232 527 pientio
247 466 335 510 abunde
355 468 467 524 collatam,
485 468 545 528 qaroel
565 484 611 510 non
633 470 748 520 eonvenit5
769 469 789 513 si
804 471 854 527 quis

152 538 179 579 oe
193 535 283 579 Christo
298 534 396 593 praedici
410 536 497 578 sentiat.
527 535 642 592 Caeterum
653 532 705 579 vero
719 538 744 579 iu
759 538 856 582 camnine

152 613 198 650 toto
213 610 256 646 tam
268 603 386 646 sublimem
401 604 509 662 principis
524 604 594 647 aDeo
605 605 685 647 sanciti
699 605 754 648 mibi
764 622 855 649 cernere

152 674 228 715 videor
241 672 359 730 imaginem
382 678 521 729 expressam,
544 687 601 730 quae
620 673 687 716 unius
702 674 760 731 regis
779 674 856 717 laudes

153 741 267 785 excederet
281 747 346 798 atque
361 739 460 782 altiorem
475 739 517 783 etsi
532 739 604 785 inscio
616 744 683 799 po‘eta
693 749 715 784 et
731 741 856 785 Messianae

151 810 239 853 altinum
253 808 324 851 ideam
343 807 464 851 exhiberet.

209 877 302 919 Praeter·
313 876 355 918 bos
370 875 444 930 locos,
465 891 521 934 quos
541 883 563 918 et
582 875 718 920 Judaeornm
736 875 856 937 scriptores

153 945 264 1004 accepisse
279 944 306 987 de
320 943 402 986 Messia
418 944 473 999 (va
489 944 623 1001 schoettgen
639 946 666 988 de
676 945 758 989 Mesola
769 961 791 1004 pa
802 945 855 1001 227)

153 1022 174 1056 et
189 1013 216 1055 ad
230 1012 306 1056 tesam
322 1010 402 1054 relatos
417 1027 466 1054 esse
486 1012 545 1068 (Act.
565 1012 588 1064 lt,
606 1013 644 1055 50.
670 1013 712 1066 15,
727 1014 765 1057 55.
785 1013 854 1057 Hebe.

154 1084 176 1134 l,
190 1081 213 1123 ὅ.
227 1080 255 1134 5,
270 1080 286 1121 5
300 1078 377 1123 Mattb.
391 1080 430 1135 Q,
444 1080 498 1135 ἰᾶτ’)
513 1081 625 1137 novimus,
640 1079 733 1124 aliorum
748 1082 792 1124 buc
806 1097 855 1141 per·

152 1149 270 1193 tinentium
281 1148 351 1190 lector
358 1148 519 1200 recordabitur,
536 1164 555 1201 v„
571 1164 591 1191 e.
607 1148 644 1190 Ps.
660 1148 703 1204 89,
717 1149 754 1192 27.
768 1149 799 1191 <28
808 1150 856 1205 (υἷε

153 1215 293 1275 compellabit
300 1231 347 1257 me:
357 1223 380 1258 tu
391 1224 453 1274 pater
463 1232 524 1259 meus
536 1231 571 1267 es,
582 1209 661 1259 ss-imo
672 1232 721 1260 eum
729 1217 803 1277 inquit
811 1217 856 1277 pri·

153 1286 290 1343 mogenitum
310 1283 490 1340 constituam“)‚
511 1284 539 1326 cl.
559 1284 596 1326 Ps.
616 1283 698 1339 824.
724 1284 746 1326 6.
791 1283 855 1339 Quae
908 1308 910 1311 ·

152 1353 181 1395 de
201 1350 341 1395 sanctissimo
366 1366 431 1410 rege,
454 1351 543 1409 judice,
570 1352 647 1395 aetatis
667 1366 745 1395 aureae
766 1359 855 1395 auetore

152 1420 260 1463 divinitus
288 1419 444 1462 constituendo
478 1419 611 1463 vaticinatur
638 1418 723 1463 Jesaias
752 1435 787 1477 ep.
806 1421 853 1469 ll,

152 1503 209 1546 quae
223 1488 247 1530 in
263 1487 357 1530 eundem
371 1486 475 1530 attributa
489 1487 577 1545 egregia
591 1487 690 1544 congerit
704 1487 735 1542 45
752 1488 775 1530 2.
790 1487 815 1543 a,
830 1489 854 1543 6,

152 1556 239 1598 etiamsi
253 1547 313 1597 suam
329 1555 433 1613 quodque
446 1554 553 1597 haberent
567 1555 626 1609 vim,
641 1561 743 1613 poterant
754 1563 813 1599 ‘certe
828 1555 855 1598 ad

153 1637 292 1666 communem
306 1624 378 1666 nostri
392 1622 490 1666 nominis
504 1623 637 1666 sententiam
651 1625 755 1667 revocari.

479 1746 530 1809 §a

326 1886 496 1940 Materiae·
506 1857 658 1934 par-teter.

209 1962 283 2017 Quum
298 1962 398 2006 locorum
412 1962 440 2006 ad
449 1963 607 2006 recensendum
617 1956 682 2005 nobis
693 1962 855 2021 propositorum

152 2047 245 2090 maguus
260 2046 365 2075 numerus
380 2031 497 2087 obveniat,
513 2030 591 2074 ordine
601 2046 627 2073 ae
637 2029 784 2089 dispositione
798 2044 855 2089 opus

153 2108 198 2155 est,
219 2115 263 2158 quo
284 2099 371 2142 t'acilius
390 2099 490 2158 partibus
513 2099 645 2157 quibusdam
667 2097 756 2156 singula
774 2098 855 2141 subne-

152 2175 245 2212 ctantur.
273 2167 380 2211 Permulti
394 2168 435 2211 viri
451 2166 524 2222 docti,
540 2183 583 2225 qua
598 2168 683 2210 diversa
693 2166 778 2208 ratione
787 2165 853 2209 lesus

153 2237 177 2280 in
197 2238 233 2278 tt
246 2235 275 2281 T.
294 2235 338 2278 Dei
351 2234 410 2278 fitius
426 2235 498 2278 dietus
518 2235 559 2289 sit,
580 2242 710 2294 quaerentes
729 2248 793 2276 usum
812 2249 852 2277 no·

153 2305 220 2347 minis
235 2303 345 2363 triplicem
360 2318 400 2347 seu
415 2303 581 2363 quadruplicem
592 2318 740 2362 proposuere:
757 2303 853 2361 primum

152 2372 269 2432 pbpsieum
287 2372 426 2430 paucissimis
445 2372 500 2416 loeis
519 2372 622 2422 obvium,
643 2370 696 2414 inde
714 2370 853 2415 lllessianum

153 2483 359 2490 mm

187 2556 202 2598 ‘)
214 2552 280 2590 blattb.
291 2553 311 2594 Β,
327 2553 352 2589 15
364 2553 456 2598 autugisse
467 2551 566 2599 Josepbum
578 2562 619 2586 cum
629 2551 703 2597 parvulo
715 2551 760 2584 Jesn
778 2560 853 2584 narrans

211 2613 289 2646 evenisse
301 2611 336 2646 hoc
347 2615 427 2657 tempore
440 2610 506 2648 tradit,
523 2609 572 2655 qnod
583 2609 653 2644 Hoseas
668 2608 704 2648 ll,‘
718 2607 728 2641 1
742 2604 805 2642 effatus
817 2608 851 2642 sit:

210 2667 230 2708 ἐξ
240 2665 339 2715 Αἰγύπτου
347 2665 462 2704 {atterente
469 2664 511 2703 υἱόν
523 2678 573 2714 μου,
585 2667 647 2714 itaque
654 2664 758 2701 adhibuisse
763 2663 822 2700 locum
829 2665 853 2699 ad

210 2725 333 2761 Hebraeorum
340 2729 411 2773 gentem
420 2725 532 2760 referendum
544 2736 580 2760 nou
591 2725 719 2771 interpretatus
730 2734 769 2758 esse
776 2723 850 2760 dicetur.
