1851 3132
426 253 462 296 29

377 316 512 324 Μ

98 388 125 432 de
139 386 186 432 lilio
200 385 281 430 Messia
296 386 335 432 illo
350 387 521 445 modo-oriundo
533 384 615 430 Christi
626 386 714 446 quidem
723 395 793 432 aetate

97 472 144 500 non
158 456 228 500 locuti
243 464 307 510 sunt,
322 471 396 515 neque
410 456 471 516 quod
488 462 591 499 narratur
609 455 634 498 in
653 454 681 500 N.
698 455 726 502 Τ,
745 458 793 517 opi·

98 525 204 569 nionibus
218 524 317 569 Judaieis
332 525 496 568 inconsiderate
506 523 673 567 admiscendum
682 532 723 567 est.
748 525 793 581 Qui

99 609 151 636 vero
165 594 287 638 remotiora·
298 592 363 636 etiam
378 592 460 635 auxilia
474 592 676 651 circumspicientes
695 594 793 637 ethnico·

99 678 147 705 rum
161 663 247 706 fabulas
262 661 358 719 allegant
372 668 394 705 et
408 667 531 704 commenta
546 660 573 703 de
585 659 640 703 uiris
648 660 750 704 maximis
765 663 794 705 si-

98 730 173 774 milem
187 731 212 774 in
226 728 316 772 modum
331 729 415 784 enatis,
430 745 459 773 ne
473 745 509 772 rcs
519 727 616 774 diversas
629 729 689 772 inter
703 745 727 774 sc
742 745 793 774 con·

98 800 198 854 tundant,
213 797 421 842 admonendisuut.

129 900 132 904 ’
154 900 178 955 2)
193 892 309 958 Pbpsicam
323 900 381 942 banc
396 899 465 958 quam
471 905 550 943 vocant
558 896 655 940 nominis
670 897 795 957 intelligen-

99 969 151 1011 tianr
166 968 221 1010 num
234 967 306 1010 solnm
321 982 402 1025 corpus
418 966 502 1011 Christi
516 966 610 1029 attinere
625 973 684 1009 recte
699 968 796 1012 dixeris‘l

98 1036 183 1079 Dubito
198 1036 314 1095 equidem,
329 1041 381 1079 nam
395 1037 466 1079 anima
482 1031 571 1096 quoquc
580 1042 697 1092 generatur
707 1043 798 1097 totaque

98 1103 196 1148 bominis
210 1111 287 1147 natura
301 1104 377 1162 prodit
391 1111 413 1146 et
427 1104 518 1160 emergit
533 1102 597 1162 quasi
616 1116 628 1143 e
648 1118 689 1146 suo
704 1106 796 1162 Semine.

99 1173 167 1229 Quod
181 1172 249 1231 igitur
263 1172 335 1214 Lucas
351 1171 380 1214 dev
392 1171 435 1214 Dei
448 1171 466 1215 f.
480 1177 532 1214 nato
542 1171 660 1214 memoriae
674 1167 794 1231 mandavit)

98 1241 193 1301 potioris
216 1240 266 1295 ejus
293 1236 417 1297 argumenti
445 1246 511 1297 atque
545 1240 666 1281 sententiae
697 1234 743 1298 est,
772 1250 796 1285 nt

72 1336 73 1340 =
98 1324 145 1352 non
159 1311 266 1352 humanae
280 1313 371 1349 naturae
386 1306 505 1364 singularis
513 1305 583 1350 virtus
598 1307 637 1349 sed
648 1307 721 1353 nativa
729 1317 796 1370 ‘quae-

99 1376 148 1419 dam
162 1376 203 1418 toti
217 1375 306 1417 Christo
321 1375 427 1419 servatori
437 1374 546 1428 tribuatur
561 1374 671 1418 divinitas.
701 1375 727 1419 Id
738 1380 798 1436 quod

99 1443 226 1503 prophetis
227 1442 318 1486 caeteris
326 1443 424 1500 adultisj
427 1458 461 1485 am
470 1442 532 1485 Deus
541 1442 644 1498 donavit,
659 1442 714 1487 Jcsu
723 1447 796 1504 prius-

100 1528 172 1572 quam
178 1513 246 1554 homo
261 1515 389 1554 nasceretur
403 1523 498 1568 superne
507 1510 600 1566 insitum
609 1510 679 1554 fuisse
692 1513 795 1572 legimus.

99 1580 158 1637 Ergo
178 1580 244 1639 ctiam
263 1569 290 1620 ad
312 1593 348 1621 res
364 1579 524 1637 metaphysieas
541 1578 647 1639 respicit,
673 1582 797 1640 quodcum

101 1647 151 1691 aliis
166 1662 233 1705 supra
248 1646 365 1706 physicum
380 1646 486 1690 dicebam.

129 1750 189 1803 5),
197 1748 315 1803 Quoniam
324 1764 375 1792 vero
389 1748 470 1792 unicus
484 1748 524 1793 ille
538 1748 602 1794 locus
615 1752 725 1810 reperitur
733 1756 797 1815 isque

101 1833 151 1859 cum
166 1815 272 1871 Matthaei
287 1825 309 1860 et
322 1818 396 1860 Lucae
406 1817 567 1861 ¹stemmatibus
586 1820 644 1863 male
663 1836 797 1881 congruens,

101 1900 146 1943 quo
162 1885 257 1942 scriptor
271 1900 299 1927 ex
313 1884 370 1943 ipsis
384 1884 439 1929 Jcsu
453 1885 580 1942 primordiis
589 1887 688 1932 divinum
702 1891 745 1935 filii
758 1894 796 1937 lio·
853 1941 854 1944 ,
913 1876 914 1880 Ἰ

101 1967 177 1995 norem
193 1952 302 2007 illustret,
316 1954 374 1996 hanc
392 1953 517 2011 principem
531 1969 557 1998 ac
574 1956 711 2000 verissimam
726 1961 797 2004 notio·

100 2034 152 2063 nem
166 2034 227 2072 esse,
244 2035 288 2079 qna
302 2021 401 2080 neglecta
417 2021 535 2064 obscurum
549 2032 637 2066 maneat
650 2039 744 2083 nomen,
759 2044 797 2072 ne-

101 2089 157 2133 mini
171 2089 325 2134 concesserim.
365 2088 444 2132 Toties
460 2087 563 2132 Christus
583 2091 610 2133 de
625 2107 649 2134 se
663 2092 713 2152 ipso
728 2095 798 2141 disse·

101 2172 153 2200 rens
172 2173 237 2217 quam
254 2157 354 2203 manime
371 2156 421 2200 Deo
440 2165 534 2215 cognato
555 2159 591 2202 ad
608 2160 725 2207 humanae
739 2166 798 2209 vitae

101 2225 237 2284 principium
255 2226 356 2270 mirabile
370 2241 485 2286 uunquam
493 2226 562 2270 redit:
578 2243 665 2288 semper
674 2230 744 2275 fnisse
753 2234 799 2279 sibi

101 2289 174 2336 Deum
189 2301 272 2352 patrem
287 2295 371 2339 omisso
390 2295 499 2339 humanae
518 2296 655 2340 conditionis
674 2300 799 2359 primordio

102 2361 222 2405 confirmat.
251 2364 412 2421 Apostolorum
431 2372 503 2407 antem
523 2380 669 2425 quemquam,
689 2370 731 2414 etsi
750 2372 800 2416 data

102 2429 213 2472 interdum
228 2432 452 2490 opportunitate‚‚(v.
465 2447 484 2477 c.
499 2432 539 2475 ubi
553 2432 654 2479 Christus
674 2454 723 2482 cnm
738 2441 798 2484 Ada-

101 2511 138 2541 mo
152 2498 275 2554 confertur,
290 2501 327 2543 cui
341 2507 364 2542 et
377 2499 421 2557 ipsi
433 2509 522 2544 'nomen
542 2504 637 2562 contigit
650 2500 701 2555 υἱὸς
720 2523 741 2550 o.
760 2511 798 2566 a«)

102 2566 156 2609 indo
167 2565 260 2626 petiisse
275 2575 297 2609 et
311 2567 454 2626 explicuisse,
470 2570 524 2628 quid
540 2572 564 2614 in
586 2570 675 2617 Christo
685 2575 752 2620 fuerit
767 2579 799 2622 di-

101 2635 191 2692 vinum,
206 2635 296 2692 negabit
310 2635 358 2678 sine
373 2636 441 2680 dubio
456 2654 524 2683 sanus
537 2641 662 2701 interpres,
682 2645 728 2690 nisi
742 2647 799 2691 forte

89 2702 219 2750 detorserit
232 2703 297 2748 Rom.
311 2704 335 2757 1,
350 2704 371 2747 5.
386 2705 436 2750 Gal.
452 2706 483 2764 lt,
498 2708 522 2753 d.
538 2710 607 2757 Hebr,
622 2713 637 2754 7
641 2744 649 2765 ,
664 2713 699 2757 15.
