1851 3132
109 313 191 370 quibus
201 311 241 355 v'illi
255 311 373 356 virtutibus
388 313 497 369 eminent,
512 328 548 357 eas
562 313 660 371 integras
675 320 696 355 et
709 310 736 355 ab
746 310 808 355 omni

109 380 294 439 perteperlectas
310 381 333 424 in
350 382 472 440 principem
487 382 531 425 Dei
552 380 620 424 lilin'm
636 378 744 440 regnique
759 394 807 424 eoe-

109 448 173 491 lestis
188 448 325 491 conditorem
345 465 466 508 congerere
481 450 595 507 jubemur.
615 472 644 479 ·-
661 448 746 492 Ultimo
761 456 807 491 tau·

111 515 160 559 dem
174 513 222 559 loco
237 517 327 559 laudare
341 517 375 560 fas
393 526 427 560 est
440 517 494 562 Jesn
506 533 536 559 ‘en
551 516 667 559 hominnm
682 517 725 558 vita
741 516 809 560 demi·

111 584 195 642 gratari
210 584 358 642 verbalonge
373 585 523 641 celeberrima,
538 584 620 644 quibas
636 585 728 641 imperat
743 584 811 629 disei-

111 651 185 710 pnlis‚
215 658 240 693 nt
259 668 337 695 omnes
357 654 459 696 homines
486 654 554 697 sacris
578 653 667 695 initient
686 652 810 711 ettripliei

112 725 248 761 sacramento
264 719 365 777 obligent
379 720 459 764 lllattlr.
479 723 519 775 287
535 721 571 764 to.
604 720 668 763 Haud
688 720 811 763 accuratius
850 748 853 751 -

112 787 231 838 hocloco,
253 789 290 846 qni
306 789 402 833 nominis
418 782 554 848 significatus
570 790 607 845 sit,
622 804 687 848 quam
698 789 747 832 aliis
757 782 812 832 mul·

114 855 144 897 tis
164 858 279 913 perspexi,
304 865 327 900 nt
349 858 376 900 de
397 859 483 917 reliqua
503 859 556 901 dicti
576 856 704 901 difficultate
719 865 811 900 taceam.

115 923 183 978 Quod
197 939 248 966 vero
263 924 304 968 illo
319 927 447 983 praesertim
463 934 561 983 tempore
576 941 600 967 se
614 920 656 968 eliu
670 918 723 969 υἱόν
737 940 814 968 secun·

115 992 167 1036 dum
182 1008 194 1034 a
209 1000 271 1051 patre
285 995 419 1047 constitnit,
432 994 455 1036 id
470 994 556 1038 videtur
571 994 649 1050 egisse,
666 1001 691 1036 nt
705 995 765 1036 bunc
780 994 812 1036 lo·

115 1076 165 1103 cum
179 1075 242 1102 sunm
262 1061 427 1120 honoremque,
442 1077 502 1120 *qno
523 1066 600 1105 omnes
619 1060 696 1105 landes
715 1075 814 1120 compre·

114 1129 197 1170 hensae
212 1136 298 1184 essent,
324 1130 360 1187 pic
375 1129 479 1173 omnihus
495 1137 517 1176 et
532 1129 644 1173 continuo
654 1129 815 1174 observandum

115 1205 257 1254 proponeret.
482 1203 484 1206 “

170 1252 816 1324 DifferrequodammodoJolrannematribnsillis'scripto·

117 1332 179 1374 ribus
195 1334 218 1374 in
235 1332 359 1382 delinienda
371 1333 475 1375 nominis
491 1333 656 1390 significatione
670 1331 816 1391 quisneget‘l

117 1414 182 1457 quam
201 1400 268 1456 longe
293 1398 372 1442 ab.·iis
393 1400 510 1443 abhorreat
529 1400 648 1459 quaeritur.
687 1398 829 1443 Communis·

107 1475 149 1509 est
164 1467 191 1509 ab
207 1468 461 1526 utraque'pante'patris
476 1476 498 1510 et
513 1467 554 1511 lilii
568 1467 709 1522 communio,
731 1482 758 1509 ex
773 1482 817 1526 qua

117 1551 165 1578 sese
180 1536 276 1578 invicem
292 1536 420 1579 notissimos
435 1544 457 1578 et
472 1527 627 1580 dilectissimus
641 1535 817 1590 habeantpcom·

118 1603 191 1646 mnnis
216 1603 321 1648 virtutum
345 1620 478 1648 summarum
501 1604 649 1664 abnndantia,
674 1619 718 1663 qna
739 1602 819 1647 vicerit

118 1673 179 1715 lilius
194 1671 345 1715 cunctosDei
360 1673 481 1724 ministros,
498 1688 523 1716 ac
539 1673 635 1732 deniqne
645 1672 672 1714 de
683 1671 818 1715 auctoritatis

118 1748 140 1783 et
154 1741 266 1800 potentiae
281 1740 345 1799 copia
361 1748 481 1784 constaret
495 1742 523 1784 ad
537 1740 642 1784 miracula
658 1739 742 1783 edenda
757 1747 779 1783 et
792 1740 820 1783 ad

119 1825 185 1852 omne
201 1825 257 1867 opus
272 1808 429 1867 perficiendum
444 1825 483 1868 per
497 1809 599 1867 spiritum
610 1815 709 1859 sanetum
719 1808 743 1850 in
755 1807 818 1851 Chri·

120 1884 177 1920 etum
194 1876 280 1920 collata.
309 1876 424 1935 Nonnulla
438 1882 525 1931 tamen,
541 1891 597 1936 qnae
611 1876 646 1919 illi
661 1877 684 1918 in
700 1891 723 1918 re
738 1876 820 1923 deseri·
841 1896 843 1902 ⁴

119 1945 192 1988 henna
207 1945 323 1987 obscurius
338 1946 437 1988 innuunt
451 1945 487 1988 vel
500 1946 525 1988 in
540 1944 613 1988 medio
629 1943 769 2003 relinquunt,
785 1944 820 1988 ln·

120 2014 221 2056 colenter
235 2019 341 2070 apparent
355 2014 414 2070 apud
429 2012 569 2063 Johannem,
589 2028 655 2070 quem
676 2028 778 2067 exorsum
793 2013 819 2054 ab

120 2080 176 2139 ipsis
192 2078 306 2123 doctrinae
321 2081 438 2139 principiis
453 2083 475 2122 in
486 2097 559 2124 rernm
569 2080 717 2124 invisibilium
727 2079 821 2128 maxime

120 2148 309 2207 contemplatione
324 2149 435 2191 detentum
454 2149 585 2206 reperimus·
618 2148 679 2191 Haec
694 2163 745 2191 vero
761 2147 821 2190 diffe-

121 2217 191 2259 rentia
206 2232 252 2260 non
267 2215 332 2258 illum
346 2216 421 2260 locum
440 2215 553 2273 singulum
572 2216 611 2259 sed
632 2230 720 2258 omnem
738 2223 822 2274 spectat

121 2285 229 2343 Johannis
245 2284 402 2344 disciplinam,
418 2297 491 2341 neque
505 2283 587 2341 igitur,
601 2284 659 2328 'nisi
674 2283 724 2342 quis
739 2292 823 2328 caetera

122 2352 190 2397 simul
213 2354 380 2409 examinaverit,
405 2360 464 2396 recte
484 2354 625 2414 dissolvetur.
661 2352 696 2397 Ae
716 2369 745 2396 nc
758 2354 824 2397 ‘forte

122 2423 208 2476 credas,
223 2420 348 2466 Johannem
359 2422 433 2467 animo
443 2438 484 2465 sno
495 2437 566 2481 aequo
576 2420 666 2480 longius
676 2438 688 2465 a
699 2421 824 2480 synopticis

123 2491 242 2534 abductum
262 2506 324 2546 esse,
354 2491 401 2535 noli
426 2507 482 2551 quae
500 2490 591 2535 illorum
610 2491 700 2535 nunciis
718 2490 825 2534 similiora

125 2559 226 2610 exhibuit
235 2560 356 2619 negligere.
386 2560 451 2605 Mitto
463 2560 530 2615 enim,
546 2560 606 2620 qnod
620 2559 681 2604 lilius
696 2577 709 2603 a
718 2559 767 2607 Deo
779 2572 824 2600 sae-

124 2628 215 2689 pissime
230 2643 275 2671 non
290 2637 356 2673 natus
372 2629 410 2671 sed
424 2629 506 2672 missus
521 2644 570 2672 esse
588 2629 658 2672 fertur
673 2635 695 2671 et
709 2640 825 2670 eonsecra-

124 2705 159 2742 tus
175 2697 224 2754 (10,
238 2696 287 2754 56),
304 2697 363 2757 qnod
380 2697 445 2742 simul
465 2705 583 2743 occurrunt
602 2688 693 2743 uomina
714 2691 734 2761 ὁμη
745 2687 824 2753 πατήρ
