1851 3132
432 180 467 223 12

378 245 514 253 m.—

99 319 147 363 dini
162 317 218 362 cibis
232 316 379 377 paucissumis
394 334 406 361 a
420 318 474 363 Jesu
485 318 611 361 satiatorum
621 317 741 365 interfuere
749 334 798 378 per-

97 386 154 432 culsi
169 393 229 429 tanto
242 386 343 446 prodigio
356 386 490 431 exclamant:
507 380 575 435 οὗτος
590 383 683 443 ἀληθῶς
698 384 709 430 ὃ
725 403 797 447 προφ.

98 455 110 500 ὁ
125 454 173 514 ἒρχ.
190 456 223 502 εἰς
237 470 258 498 o.
273 448 361 510 κόσμον
375 455 392 498 i.
408 471 426 497 e.
443 455 548 505 Messias,
563 453 623 514 quod
634 462 681 498 tum
691 470 704 497 e
718 471 750 499 vs.
766 471 799 498 sea

97 522 176 584 quenti
190 531 264 566 turne
288 522 382 566 formula
409 521 421 566 ὁ
447 516 571 581 ἐρχόμενος
589 521 690 566 absolute
709 539 799 583 quoque

100 596 133 636 sic
147 592 220 650 posita
235 591 348 649 colligitur
363 591 428 645 (Luc.
443 592 485 642 15,
504 592 551 648 55).
591 590 799 635 Samaritanorum

98 660 178 705 mulier
193 658 323 718 simpliciter
336 660 432 719 primum
452 660 580 718 prophetam
595 659 672 704 Jcsum
687 667 800 718 nuncupat

98 730 115 773 i.
131 743 152 771 e.
167 734 239 771 vatem
255 727 347 771 scicntia
361 727 460 771 mirabili
474 728 609 787 praeditum,
632 744 657 770 ac
671 729 699 771 de
717 727 800 771 Messio

98 797 174 857 paullo
189 804 241 855 post
257 796 301 851 (vs.
321 796 362 850 25)
377 796 496 841 disertius:
518 790 666 856 ὃλεγόμεοος
680 796 724 854 Χρ.
744 795 798 840 Joh.

99 867 171 923 7,10
190 864 272 924 duplex
290 865 405 909 hominum
425 865 502 921 opinio
516 866 645 925 profertur&
659 881 687 908 ex
706 881 750 924 qua
764 874 801 908 aut

100 934 203 978 Christus
217 933 256 977 ille
271 940 309 976 aut
324 930 336 975 ὅ
350 927 476 992 προφήτης
496 934 553 989 (sive
566 932 673 977 Jercmias
694 934 741 977 sive
756 949 799 975 ma·

100 1018 157 1061 gnus
171 1002 210 1046 illc
224 1002 332 1059 propheta
341 1001 401 1045 Masi
410 1001 534 1045 consimilis
543 1001 593 1045 loco
605 1001 728 1045 clarissimo
738 1017 800 1061 prae·

99 1071 173 1114 dietus
187 1069 255 1112 Deut.
271 1069 309 1125 18,
325 1070 355 1113 15
364 1094 393 1101 ——
402 1071 438 1122 18,
455 1070 515 1130 quod
529 1070 658 1114 vaticinium
673 1086 686 1113 a
699 1070 801 1114 Judaicis

98 1139 257 1197 interpretibus
272 1138 300 1180 de
314 1137 384 1181 desua
397 1139 531 1196 explicatum
541 1139 569 1180 ad
581 1138 694 1181 Christum
703 1140 802 1181 referunt

50 1254 52 1256 ,
100 1208 180 1249 Petrus
195 1212 217 1248 et
231 1204 357 1264 Stephanus
371 1206 424 1249 Act.
439 1207 463 1260 5,
478 1206 546 1258 227,
561 1206 600 1260 57)
615 1206 731 1250 exstiterit.
748 1206 800 1250 Joh,

100 1277 123 1330 l,
138 1275 167 1317 21
187 1273 265 1316 tertius
278 1273 340 1316 Elias
360 1274 459 1325 additur,
480 1289 545 1332 quem
565 1274 669 1333 antiquae
682 1276 751 1317 famae
765 1275 802 1317 fisi

97 1344 144 1401 jam
159 1342 253 1384 rediisse
267 1341 292 1383 in
306 1341 373 1385 vitani
392 1342 496 1385 nonnulli
517 1342 646 1393 eredebant,
668 1342 750 1401 quihus
764 1342 801 1387 Je-

98 1410 179 1454 remias
194 1409 290 1468 denique
309 1417 400 1468 quartus
418 1410 504 1453 accedit
522 1409 613 1467 (Matthr
626 1411 664 1465 16,
679 1411 717 1455 14.
733 1410 801 1456 lilarc.

98 1479 122 1534 6,
137 1478 175 1533 15)
190 1477 257 1520 variis
266 1476 402 1521 turanorum
415 1478 498 1521 fabulis
513 1480 539 1535 (2
549 1477 619 1521 llaec.
632 1479 656 1534 2,
671 1480 693 1521 1.
709 1479 747 1534 15,
763 1479 803 1533 14)
821 1515 824 1520 .

99 1545 258 1600 celebratus.*)
287 1544 399 1600 Quoniam
418 1551 441 1588 et
464 1545 491 1588 de
509 1544 589 1589 Massia
609 1547 717 1605 propheta
735 1554 757 1590 et
775 1546 802 1589 de

99 1614 202 1674 prioribus
216 1613 321 1657 redivivis
330 1613 409 1672 illique
424 1614 573 1672 praecessuris
583 1613 671 1657 vatibus
685 1614 738 1657 satis
748 1630 802 1673 vaga

98 1684 202 1742 variaque
221 1681 278 1724 fama
292 1682 406 1738 manabat,
424 1681 491 1726 ‚Iesus
510 1684 577 1725 etiam
597 1682 657 1725 haud
672 1682 763 1725 difficile
777 1683 802 1726 in

99 1752 194 1795 eundem
210 1749 319 1794 cumillis
334 1750 457 1795 ordinema
470 1751 562 1794 Judaeis
571 1757 656 1809 poterat
669 1750 728 1808 cogi.
756 1741 802 1792 Vc·
820 1786 822 1792 .

98 1819 187 1863 rissime
206 1818 274 1877 igitur
297 1817 344 1874 jam
368 1817 445 1862 adesse
465 1819 580 1862 confirmat
601 1818 716 1877 prophetis
745 1819 802 1877 ipsis

98 1888 208 1947 quendam
221 1886 409 1946 'praestantiorem
433 1886 481 1942 (uui
500 1880 664 1946 περισσότερον
677 1882 803 1946 προφήτου
841 1883 844 1892 ‘

97 1958 175 2000 lllatth.
191 1956 228 2009 11,
242 1955 266 1999 9.
284 1955 336 1998 Luc.
352 1956 374 2005 7,
389 1955 445 2008 diij:
466 1971 508 1999 nec
527 1955 602 1999 minus
620 1962 680 1999 recte
698 1955 802 2014 apostoli,

98 2041 166 2084 quum
180 2024 332 2067 ministrorum
346 2023 422 2068 laudes
437 2024 536 2082 priorum
554 2023 623 2081 longe
641 2023 682 2067 lilii
701 2023 803 2082 amplitu-

97 2093 146 2136 dini
161 2091 278 2146 eederent,
298 2107 346 2134 non
365 2098 469 2149 tauquam
488 2093 616 2151 prophetam
636 2092 676 2135 sed
690 2099 803 2134 auctorem

96 2161 221 2221 ducemque
240 2161 396 2220 prophetarum
412 2159 526 2203 Christum
540 2160 690 2211 celebrarunt,
710 2159 802 2203 Paulus-

98 2244 142 2288 que
159 2229 184 2272 in
203 2228 279 2273 dotum
299 2227 397 2288 Spiritus
416 2227 495 2273 Sancti
514 2243 607 2272 numero
627 2228 728 2289 reposuit
747 2243 803 2287 προ-

98 2294 207 2355 iporeium.

153 2376 286 2421 Davididem
305 2378 353 2421 fore
366 2376 485 2435 Messinm,
506 2377 566 2438 quod
586 2383 607 2420 et
616 2376 708 2424 Doridis
723 2392 804 2421 memo-

100 2447 133 2489 ria‘
147 2445 278 2491 immortalis
293 2446 456 2505 quodammodo
471 2446 596 2508 praefinivit
621 2446 736 2506 multaque
756 2461 805 2489 οοοὗ

99 2569 306 2576 ...ἅμ-...φα-

133 2642 149 2688 ¹)
161 2643 201 2677 vide
213 2641 322 2686 Schoettgen
333 2639 372 2675 hor.
386 2640 441 2676 Helm
454 2653 474 2688 1¹·
487 2640 535 2683 119,
548 2640 641 2688 Lightloot
653 2641 676 2676 ad
688 2639 729 2675 Johr
743 2638 760 2682 l,
773 2639 805 2683 2¹>

156 2712 167 2734 a
179 2699 242 2735 Goelln
254 2695 297 2737 l.'c⁸
310 2710 329 2746 p.
342 2698 388 2737 495.
