1851 3132
458 191 493 233 30

406 255 542 262 Ἥ,-

442 335 456 390 b
469 335 511 386 12-

294 450 348 489 Det
357 451 440 502 Jtteoe
457 452 648 502 inuuywratua·

182 537 373 595 Quemadmodum
386 556 462 600 reges,
477 540 514 585 eni
528 542 578 586 loeo
600 538 707 583 eminenti
725 541 823 600 aprima

123 607 217 651 infautia
232 607 335 651 destinati
350 616 373 652 et
386 609 491 653 reservati
516 610 619 663 fuerunt,
639 608 666 652 ad
685 623 734 651 eum
757 611 823 654 solie-

123 675 213 718 mnibus
238 676 371 735 quibusdam
390 693 440 735 eum
459 692 540 737 pompa
560 678 649 738 publiea
659 686 823 736 promoventur,

123 745 154 788 ita
176 742 290 788 Christus,
310 760 323 787 e
347 760 409 788 saera
428 745 598 804 inauguratione
613 760 723 788 'sarranium
743 762 823 791 munus

124 828 258 871 omnemque
266 813 324 856 inter
333 814 435 857 homines
445 815 642 858 auctoritatemrite
650 814 753 858 obtinuit.
780 814 822 857 Bu·
892 857 896 860 .

123 881 201 940 ptismi
210 882 270 924 enim
280 896 367 925 sacrum
381 885 446 925 ritum
461 882 521 925 subit
535 898 562 925 ex
577 883 621 925 vita
639 883 723 940 priuata
742 883 767 925 in
785 899 824 942 pu-

124 949 208 992 blicum
217 949 354 1007 procedens,
369 957 394 991 ut
409 953 447 1008 qui
453 951 500 1008 jam
512 957 575 993 antea
588 951 663 1005 fuerit,
673 950 767 993 eundem
777 965 825 994 esse

67 1033 69 1036 ¹
124 1032 175 1060 eum
188 1017 234 1076 ipsi
247 1018 349 1061 homiues
364 1018 497 1077 intelligant.
526 1018 623 1070 Iterum,
638 1018 690 1061 duur
701 1013 825 1063 instituitur

124 1085 243 1137 sollemne,
260 1085 323 1129 nulla
338 1087 381 1129 alia
399 1086 445 1130 nisi
460 1086 507 1129 'Dei
526 1086 568 1129 titii
589 1087 637 1129 laus
652 1101 677 1129 ac
696 1092 794 1145 potestas
812 1103 826 1130 a

123 1153 218 1197 numine
238 1154 266 1197 de
285 1153 378 1198 Christo
399 1144 558 1214 pronunciatur
578 1153 665 1207 (utatrh.
677 1148 713 1209 ¹5,
728 1154 823 1198 15-17,

124 1221 194 1265 Mare.
211 1222 237 1276 1,
252 1221 333 1269 9,-11.
342 1221 395 1266 hue.
405 1224 429 1275 5,
444 1222 536 1265 §tt—92
550 1222 604 1265 eoll.
614 1220 667 1264 Joh.
678 1223 705 1278 h,
715 1213 823 1274 <se—54).

124 1288 218 1347 Duplici
233 1304 300 1333 sensu
320 1305 389 1348 quum
407 1291 476 1334 Jesus
497 1306 525 1334 ex
544 1306 600 1348 aqua
619 1290 723 1347 emergit,
749 1291 825 1349 divina

123 1357 246 1416 percipitur
256 1357 388 1415 significatio
399 1376 406 1400 e
422 1359 525 1404 columba
535 1357 606 1402 oeulis
616 1357 745 1401 obversatur
754 1361 826 1402 saneti

124 1426 216 1484 spiritus
232 1425 304 1469 duleis
320 1426 393 1484 imago
408 1442 421 1469 e
440 1425 509 1470 coelis
527 1424 653 1486 patentibus
672 1425 753 1481 delata,
772 1425 825 1470 dum

123 1494 148 1537 in
163 1508 226 1548 aures
242 1494 336 1538 eoelitus
351 1493 465 1538 deseendit
478 1510 531 1538 vox.
552 1484 674 1552 Utramque
683 1493 760 1538 Jesnrn
776 1510 825 1537 sen·

124 1562 182 1604 sisse
196 1557 273 1605 Matth.
284 1570 306 1605 et
316 1562 384 1605 Mare.
401 1562 521 1619 affirmant,
536 1561 592 1605 Lue.
607 1561 703 1621 breuiter
717 1561 825 1605 accidisse

123 1630 175 1686 illa,
191 1629 244 1673 Joh.
260 1631 305 1673 aiio
319 1630 385 1673 modo
400 1629 508 1687 baptistae
523 1629 593 1673 solius
607 1629 710 1673 sensibus
725 1631 825 1674 animove

125 1698 197 1741 oblata
213 1712 262 1741 esse
277 1705 355 1741 narrat.
384 1697 466 1741 Fusius
485 1699 566 1741 iubae
584 1713 609 1741 re
629 1704 742 1741 versaturo
757 1697 824 1740 inter-

123 1766 182 1824 preti
205 1781 234 1809 eu
253 1774 310 1823 quot
335 1766 458 1824 quantique
476 1765 609 1823 injiciuntur
632 1764 743 1825 scrupuli,
768 1782 824 1826 quos
886 1757 888 1762 i

123 1836 207 1878 trustra
222 1835 331 1877 studerem
346 1835 392 1877 hoe
402 1834 452 1882 loeo
468 1834 534 1893 plane
548 1828 642 1877 euitare!

182 1902 270 1958 Quodsi
283 1902 311 1945 ab
326 1901 377 1945 aliis
392 1897 477 1961 praeter
491 1902 605 1946 Christum
623 1901 750 1946 hominihus
772 1917 823 1961 pro-

124 1971 209 2028 digium
225 1972 400 2015 animadversum
416 1985 465 2014 esse
487 1985 534 2013 non
548 1978 624 2030 aperte
647 1978 729 2029 negant
745 1978 824 2014 ¹aueto-

123 2053 158 2081 res
173 2047 231 2090 tres,
248 2046 340 2098 quartus
359 2053 412 2081 vero
431 2039 559 2082 Johannem
577 2046 636 2082 certe
653 2038 748 2092 visionis
766 2039 825 2080 vide·

123 2113 160 2149 tur
174 2107 305 2166 partieiperu
320 2106 405 2160 faeere,
420 2105 475 2165 quid
485 2107 568 2163 obstat,
584 2107 714 2166 quominus
723 2121 769 2148 rem
779 2120 824 2148 nora

123 2182 168 2216 tam
182 2183 275 2234 propter
288 2175 363 2233 ipsum
377 2173 491 2217 Christum
507 2190 572 2233 quarn
587 2171 684 2218 aliorum
702 2175 771 2232 gratia
785 2189 824 2232 pu-

124 2249 194 2286 temus
209 2243 333 2287 accidisse?
361 2242 388 2286 Id
408 2242 467 2286 enim
486 2257 551 2285 nemo
566 2242 634 2297 diuet,
652 2242 689 2286 vel
710 2259 723 2285 a
742 2241 825 2285 Christi

123 2311 252 2354 auctoritate
275 2311 372 2354 alienum
397 2311 433 2354 vel
452 2311 502 2354 Deo
522 2311 639 2368 indignum
657 2310 740 2367 fuisse,
765 2309 824 2371 quod

123 2380 179 2422 ritus
195 2380 311 2424 sollemnis
326 2396 366 2438 per
381 2380 485 2423 eoelestia
494 2378 557 2438 signa
571 2378 713 2423 etiamsinon
727 2383 826 2423 aeeurate

123 2448 189 2492 hodie
204 2448 363 2499 describenda,
384 2448 466 2508 quibus
485 2448 631 2492 illucesceret·
642 2449 697 2507 ejus
712 2450 825 2491 honor-et

124 2518 242 2573 rnajestas,
258 2517 346 2576 egregie
361 2517 401 2561 ilio
419 2526 518 2575 ternpore
538 2515 716 2576 amplificareturss
749 2515 780 2558 ,Si
795 2515 825 2557 ita

122 2585 397 2645 judicabis‚neqrraquam
412 2587 453 2629 hue
472 2585 590 2629 oeeasione
609 2586 709 2629 redditus
729 2590 761 2625 est
781 2583 824 2626 Dei

123 2654 183 2696 filius
199 2662 219 2696 et
234 2655 257 2696 iu
269 2662 383 2713 paternam
393 2653 436 2696 Dei
447 2655 539 2712 gratiam
549 2663 664 2713 receptus,
681 2652 720 2695 sed
736 2658 824 2695 ostensa

123 2724 172 2780 ejus
188 2731 209 2766 et
224 2723 332 2768 declarata
347 2724 405 2768 inter
420 2723 520 2768 homines
536 2724 668 2783 anrplitudo.
699 2720 741 2764 Cui
756 2721 824 2779 erpti-
