1851 3132
416 209 462 267 31¹

87 349 169 394 cationi
183 348 263 392 melius
276 347 383 391 Matthaei
397 343 624 403 verberespondent:
641 335 708 406 odada
722 345 793 405 εἰιιιιιι

88 410 166 465 dedda
179 432 240 473 μου,
266 414 403 459 auditoribus
423 413 487 473 quasi
515 410 691 467 accommodata,
718 427 783 469 quam

87 486 157 530 Marci
172 493 193 529 et
205 485 298 530 Lucae·
316 478 346 527 od
359 481 419 528 ata
437 498 470 525 ‘rc
468 480 499 526 ·.λ
532 480 649 525 Caeterum
666 478 785 523 verborum

87 556 165 598 horum
181 570 227 598 non
241 569 298 598 nova
314 551 461 613 enunciatio‚-
459 549 516 595 -sed
519 565 563 609 qua
578 547 672 592 Veteris
681 539 711 591 T.
718 548 786 608 dieta

87 624 112 666 in
127 639 254 667 memorram
262 627 394 666 revocantur
406 619 455 676 (Ps
466 620 528 670 2:1¹
539 617 582 674 18,
593 617 633 661 20.
646 616 730 660 28ιιῐιι
743 615 785 671 22,

88 691 126 735 20
143 690 245 736 LXXx‘
236 688 274 734 dea
288 683 436 747 aiddnaqoaa
425 704 450 733 aa
464 684 539 745 &mlh
556 649 618 743 „llic
640 693 674 728 est
691 684 785 728 mihili-

88 762 132 805 lius
147 761 304 805 dilectissimus
319 758 357 818 (de
371 753 493 802 vocibus
479 750 599 815 oyanquda
619 761 640 798 et
656 745 787 812 uoroyaraq'c

87 846 134 873 non
143 822 325 882 confundendis,
344 824 445 886 quamvis
459 825 501 869 bic
513 823 607 867 dilectus
627 822 692 865 etiam
705 822 789 864 unicus

88 899 126 951 sit,
142 898 186 941 vid.
201 897 315 940 Fritzsebe
326 895 415 940 Comm
434 893 458 936 in
473 892 550 937 Maon.
567 908 590 952 p.
606 892 657 934 151.
672 890 703 934 52
717 898 740 935 et
753 891 787 933 iu-

88 966 121 1009 fra
135 967 148 1023 §
162 966 214 1023 15),
235 970 300 1025 quem
319 972 412 1024 paterno
433 961 547 1021 amplexus
566 976 641 1005 amore
659 958 724 1004 vobis
740 957 788 1016 jam

87 1035 236 1078 venerandum
252 1041 274 1076 et
292 1032 425 1077 audiendum
443 1030 597 1090 proposui.“*
612 1029 655 1072 His
677 1028 721 1072 Dei
735 1044 788 1087 erga

88 1102 160 1146 lilium
179 1101 332 1145 benevolentia
354 1100 455 1159 proditur
478 1106 500 1141 et
519 1113 585 1142 causa
602 1096 673 1156 ipsius
694 1097 785 1151 amoris,

89 1170 170 1231 qnod
164 1186 184 1213 rs
199 1185 249 1213 cunr
263 1170 313 1213 Deo
329 1168 427 1211 sociatus
441 1166 471 1209 sit
484 1166 593 1258 ideoque
601 1164 711 1238 omnibus
711 1180 788 1254 agno·

88 1239 190 1284 scendus
792 1244 793 1247 ’

145 1305 184 1349 Sie
199 1303 272 1347 omnia
289 1304 347 1347 bene
368 1303 540 1356 concordarent,
566 1301 703 1345 abstinemus
727 1298 788 1343 euim

88 1389 101 1417 a
115 1373 217 1417 miraculi
226 1372 367 1415 'recensendi
385 1371 489 1429 negotio,
499 1385 502 1389 ·
514 1371 534 1413 si
554 1370 678 1412 nonalius
692 1368 787 1426 ¹'generis

89 1441 226 1496 dubitatione
239 1440 299 1483 baud
313 1440 392 1498 exigua
406 1453 543 1484 vexaremnr.
570 1437 703 1496 Inaugurari·
714 1437 800 1495 filium

87 1510 131 1553 hoc
145 1510 212 1553 morlo
226 1503 317 1564 insigni
326 1507 433 1551 diximus:
455 1506 488 1551 uti
501 1521 554 1551 vero
569 1507 619 1550 eum
632 1507 710 1565 regum
734 1517 787 1551 eon·

88 1575 371 1632 secretione'eonjunctnm
384 1575 442 1630 fut,—
455 1582 481 1618 ut
494 1590 553 1632 novo
569 1574 664 1634 quodam
678 1574 789 1619 instinctu

88 1644 158 1688 animi
172 1649 374 1694 commorerentur,
390 1643 459 1687 simili
473 1644 542 1687 modo
553 1642 668 1686 Christum
677 1642 743 1687 etiarn
757 1634 790 1685 la·

90 1712 131 1755 elle
146 1711 227 1754 dixeris
242 1711 378 1755 delabente
371 1728 396 1756 ru
410 1713 499 1777 ipsum
496 1710 599 1754 columba
609 1710 790 1771 eoelestispiritu

89 1780 194 1823 donatum
208 1787 230 1823 et
244 1780 378 1824 concitatum
393 1795 448 1824 esse
481 1770 554 1835 Quid
572 1779 675 1835 ergo‘l
651 1794 677 1822 sr
690 1780 789 1840 reliquo·

88 1864 138 1891 rum
152 1847 221 1906 gratia
234 1847 365 1892 miraculum
381 1833 528 1904 ediditDeus,
543 1862 617 1906 neque
634 1846 680 1890 ulla
694 1846 747 1891 inde
761 1849 791 1892 ad

89 1916 202 1959 Christum
216 1916 349 1961 redundarit
362 1916 408 1973 vis3
427 1918 504 1960 nonne
519 1917 594 1961 omnis
605 1915 645 1960 illa
656 1915 789 1974 significatio

89 1984 160 2046 inane
171 1984 282 2042 quoddam
296 1984 366 2027 evasit
380 1984 549 2044 spectaculum?
569 1998 646 2027 nonne
664 1999 720 2026 vana
734 1999 787 2042 spe·

89 2053 134 2096 cies
153 2051 441 2111 apparuittribuendarnm
459 2051 539 2097 virium
558 2051 682 2096 novarum?
705 2051 789 2097 Contra

88 2136 154 2176 vero,
173 2121 194 2163 si
208 2119 262 2179 quid
271 2117 369 2177 'contigit
377 2119 468 2164 Christo
483 2121 523 2165 illo
538 2127 637 2180 tempore
651 2115 788 2178 porilem,

89 2205 137 2232 nou
151 2188 233 2247 poterit
247 2189 290 2231 boe
311 2188 339 2232 ab
362 2187 426 2232 initio
449 2189 586 2249 possedisse
619 2188 790 2247 Tune‘injuste

90 2257 144 2301 olim
151 2256 234 2301 Paulus
243 2255 399 2301 Samosatenus
411 2273 471 2302 snam
483 2258 512 2302 ob
523 2257 686 2301 sententiamab
696 2258 790 2302 ecelesia

90 2325 249 2368 condemnatus
264 2331 306 2369 est.
335 2324 440 2385 Sequitur
453 2325 519 2382 iude,
535 2327 592 2386 bane
606 2325 652 2369 fere
662 2325 790 2388 discrepan-

89 2393 142 2436 tiam
157 2407 205 2436 esse
224 2393 282 2435 inter
301 2400 376 2437 natum
390 2394 434 2437 Dei
449 2394 518 2438 lilium
538 2402 560 2437 et
579 2394 745 2453 inauguratum,
765 2401 790 2439 nt

88 2477 157 2521 valuum
171 2460 276 2519 utrinque
294 2461 393 2520 pericula
412 2462 514 2518 obstent,
533 2470 572 2507 aut
591 2462 653 2507 illius
668 2462 702 2507 rei
716 2463 790 2506 inanis

90 2530 171 2590 aliquis
195 2529 312 2588 adspectus
327 2529 469 2589 ‘auditusque
491 2531 630 2591 relinquatur
654 2538 790 2575 caeterorum

91 2598 216 2657 cognitioni
229 2598 367 2652 inserviens,
382 2607 418 2642 aut
433 2599 531 2643 caruisse
541 2599 654 2645 Christum
669 2599 745 2644 divina
759 2601 790 2644 fa-

90 2668 172 2711 cultate
188 2666 347 2723 concedamus,
363 2667 400 2710 eui
412 2667 459 2725 jam
478 2667 542 2712 Deus
561 2684 629 2715 novas
644 2668 713 2712 animi
727 2668 789 2711 dotes

91 2734 211 2789 addiderit,
227 2729 273 2782 'seu
288 2742 313 2780 ut
327 2735 432 2781 nonnulli
446 2743 527 2796 putant
541 2746 606 2784 aneta
620 2738 648 2784 ad
659 2751 740 2781 munus
754 2735 788 2779 in-
