1851 3132
147 316 206 358 euim
221 313 282 373 regio
298 314 325 357 ad
340 312 414 357 animo
434 314 606 373 concipiendum
621 315 706 376 aliquid
721 316 842 361 notionem·

146 398 189 443 que
205 382 342 427 formandam
356 384 466 442 suppetit,
489 384 528 427 uhi
548 384 669 443 improprie
688 391 710 428 et
728 386 755 428 ad
775 388 843 445 quau·

146 454 196 496 dam
216 451 382 494 similitudinem
402 451 488 495 videtur
506 467 635 510 expressum
654 467 709 495 esse.
755 453 843 498 Deinde

145 537 196 566 eum
210 520 276 563 rebus
290 519 424 563 variantibus
438 520 482 564 aiio
498 519 576 563 directi
588 520 659 563 animi
673 536 710 564 eas
729 530 785 580 quae
810 538 843 567 re·
858 522 860 524 ’
917 553 921 560 «

145 589 269 650 spondeant
283 588 329 632 iliis
344 589 410 633 rebus
425 589 544 632 sententias
562 597 709 633 commutant:
733 590 793 634 unde
808 606 842 634 ve·

145 666 181 701 tus
197 657 271 716 aliqua
286 657 427 708 informatio,
448 672 516 716 quum
531 672 579 700 eam
598 658 683 701 recenti
701 664 723 700 et
744 658 843 716 integrae

144 727 177 768 rei
191 715 338 783 imposueris,
353 734 453 771 novetur.
477 725 553 781 Quare
578 726 598 768 si
622 727 659 769 cui
682 728 843 784 exspectationi

144 800 236 837 eventus
251 794 379 854 respondit,
393 795 439 852 jam
454 793 508 853 adeo
523 793 581 837 vaiet
600 795 659 852 quod
675 794 762 851 evenit,
777 802 802 837 ut
815 795 842 838 ad

143 877 244 906 normam
252 864 405 922 rationemque
413 862 461 919 ejus
472 862 649 907 accommodetur
664 862 737 906 omnis
749 864 841 923 opiuioa

144 946 201 989 quae
215 930 273 973 hand
287 930 350 975 aliter
364 931 388 974 in
404 938 479 974 nostra
493 946 558 974 eausa
572 946 621 974 sese
630 930 712 975 hahere
721 947 787 974 nemo
796 933 847 974 fere

144 998 281 1042 diffitebitur.
319 998 371 1057 Ipse
384 997 486 1043 Christus
500 998 590 1043 laudum
605 1014 692 1042 suarum
704 999 779 1055 testis,
793 1000 841 1043 vin·

143 1068 194 1123 dex,
205 1067 314 1126 interpres
331 1067 425 1111 maxime
436 1083 502 1112 verax
516 1068 610 1118 exstitit,
625 1068 669 1111 vita
685 1076 755 1111 suaet
765 1074 841 1118 natura

144 1137 241 1179 honores
257 1135 402 1180 confirmavit.
429 1135 480 1180 Jam
499 1135 581 1194 igitur,
601 1144 716 1195 postquam
738 1136 766 1179 in.
781 1144 840 1179 ante,-

142 1203 273 1247 cedentihns
283 1203 417 1248 Judaeorum
427 1204 450 1246 in
460 1204 538 1263 primis
548 1213 644 1247 mentem
653 1205 839 1255 scrutatisumus,

143 1272 171 1317 ad
186 1272 269 1315 Christi
286 1272 354 1316 vitam
371 1272 526 1332 fortunamque
542 1271 638 1330 propius
660 1271 772 1330 adgressi,
794 1288 839 1331 quo

142 1349 206 1399 pacto
221 1339 275 1382 inde
289 1341 316 1383 ah
332 1339 426 1384 adventu
440 1340 499 1383 inter
517 1340 618 1382 homiues
638 1346 723 1383 tanturn
745 1340 839 1398 dignita-

141 1409 169 1452 tis
179 1401 270 1465 graduiu
285 1408 426 1468 occupaverit
442 1416 465 1452 et
478 1408 523 1453 sihi
531 1409 632 1454 docendo
640 1409 763 1465 vindicarit,
773 1425 838 1470 quae·

139 1493 222 1522 ramus.

457 1590 470 1646 ς
485 1591 521 1633 u.

339 1727 449 1775 Fidius
460 1730 521 1769 Det
532 1732 641 1769 mutus»

195 1805 309 1865 virginali
323 1814 387 1866 partu
401 1823 441 1866 per
456 1807 558 1866 spiritum
572 1795 672 1849 sanetum
687 1822 699 1849 e
715 1805 783 1849 Maria
797 1805 834 1850 Je=

137 1882 185 1923 sum
201 1877 284 1920 editum
300 1891 364 1932 esse,
379 1876 462 1919 Lucam
481 1882 503 1919 et
521 1873 655 1929 Matthaeum
676 1875 775 1934 quamvis
794 1891 835 1920 suo

136 1954 254 2006 utrumque
269 1945 335 1990 modo
349 1944 480 2000 tradidisse,
501 1960 565 1988 nemo
584 1943 679 2002 ignorat.
709 1943 776 2003 Apud
791 1943 835 1988 Lu-

135 2033 183 2061 cam
202 2015 285 2060 Mariae
304 2014 396 2072 angelus
417 2012 520 2057 coelestis
543 2027 594 2056 cum
613 2011 713 2071 Josepho
734 2012 833 2054 nondum

134 2094 217 2146 nuptae
231 2083 273 2128 filii
287 2084 359 2142 ipsam
378 2090 469 2126 matrem
488 2080 537 2125 fore
555 2080 689 2135 adnunciat,
708 2079 775 2138 idque
793 2094 834 2138 per

95 2159 97 2162 ”
134 2154 179 2198 Dei
198 2151 318 2198 efficaciam
334 2159 463 2196 eventurum
477 2165 526 2193 esse
540 2150 657 2192 haesitanti
676 2148 763 2207 puellae
783 2163 831 2207 per·

133 2221 216 2266 suadet.
254 2221 290 2266 Ex
308 2220 438 2264 suavissima
457 2219 498 2263 hac
518 2217 644 2261 narratione
661 2216 769 2261 tractandi
783 2219 829 2268 ,hoc

130 2299 229 2351 tempore
243 2289 308 2334 nohis
324 2289 446 2334 offeruntur·
460 2302 492 2332 vs.
507 2286 538 2330 52
553 2292 575 2329 et
588 2286 619 2329 55
634 2286 678 2345 (cp.
695 2286 733 2339 1),
748 2287 772 2329 iu
782 2287 831 2346 qui-

130 2360 173 2403 hus
183 2359 211 2402 de
224 2358 310 2402 infante
324 2355 461 2417 procreando
476 2355 565 2400 divinus
576 2354 671 2397 nuncius
686 2354 829 2407 vaticinatur:

129 2429 194 2471 ἔσται
212 2425 285 2485 μέγας
298 2425 338 2469 uui
356 2419 408 2475 υἱὸς
421 2421 523 2483 ὑψίστου
536 2418 688 2482 κληθήσεται,
698 2420 734 2467 ded
748 2422 789 2469 nui
803 2418 830 2466 ud

129 2490 274 2555 γεννώμενον
288 2492 356 2554 ἅγιον
365 2495 439 2552 'triph
453 2491 503 2545 υἱὸς
516 2495 586 2537 dcem
606 2491 705 2552 Utraque
714 2495 768 2536 haec
782 2507 829 2536 ver·

130 2567 210 2609 herum
234 2565 302 2607 series
331 2580 386 2610 num
405 2564 463 2607 idem
481 2562 580 2607 eontinet
600 2562 736 2620 eandemque
756 2568 829 2604 movet

128 2634 157 2678 de
176 2633 265 2680 Christo
284 2632 486 2693 exspectationem?
506 2632 573 2675 Prius
592 2633 646 2676 hoe:
674 2632 738 2674 ἔσται
756 2628 829 2687 μέγας

130 2703 211 2748 additis
226 2695 324 2748 ἐνώπιον
342 2702 385 2748 τοῦ
395 2701 465 2755 Θεοῦ,
481 2701 693 2761 praestantissimum
703 2698 751 2742 fore
762 2699 828 2757 justi-
