1851 3132
467 212 484 254 2

126 349 194 407 higna
209 353 266 390 esset
281 352 472 402 rerumgestarum
488 354 508 390 et
518 347 653 407 antiquitatis
669 348 825 405 consideratio,
858 389 860 391 ,

102 472 105 475 Α
127 417 199 462 varios
214 414 293 458 modus
308 413 393 473 experti
408 422 466 458 sunt.

184 483 292 528 Historici
310 481 456 540 interpretes,
477 499 532 542 quos
556 483 665 536 diximus,
690 501 759 544 quum
785 486 828 530 alio

127 552 236 613 permulta
249 558 296 593 tum
310 549 368 592 illud
383 565 472 610 quoque
482 561 563 609 agunt,
579 558 603 594 ut
622 552 737 611 utriusque
750 554 827 597 Testa-

127 622 196 666 menti
211 633 324 663 connexus
357 625 379 661 et
399 634 456 678 quiae
475 619 521 677 legi
540 619 678 663 Christianae
697 636 745 664 eum
766 621 827 665 illins

126 688 233 748 temporis
248 686 348 730 moribus
363 693 429 745 atque
445 687 533 745 seriptis
548 690 605 731 ratio
624 689 757 744 intercedat,
780 690 827 732 uhi·

129 773 172 817 que
187 765 237 799 ante
251 756 330 799 oeulos
345 762 448 812 ponatur.
482 755 620 799 Praeclarum
635 757 771 800 hauddubie
785 757 828 799 hoe

128 833 150 870 et
164 839 255 884 prorsus
270 822 420 865 necessarium
434 823 542 878 studium,
557 824 597 867 sed
612 824 671 883 quod
682 825 768 869 diverso
783 839 829 867 mo-

128 896 158 939 do
171 892 272 949 theologi
287 898 439 948 susceperunt.
484 890 675 945 Quemadmodum
690 894 750 936 enim
767 894 828 952 quis-

131 978 174 1022 que
188 976 261 1004 rernm
276 958 540 1017 gestarumenistimator
549 975 590 1022 sno
599 961 674 1015 animo
689 960 829 1019 consilioque

129 1032 208 1079 duetus
223 1043 251 1085 ex
266 1025 445 1070 antecedentibus
459 1023 549 1085 postera
570 1027 667 1084 derivat,
695 1029 725 1071 ita
751 1043 780 1071 ne
794 1029 829 1071 illi

128 1090 218 1158 quidem
234 1094 326 1138 eandem
340 1093 460 1152 indagandi
482 1103 504 1137 et
523 1095 662 1152 dijudicandi
680 1098 737 1140 viam
747 1096 830 1139 rsecuti

129 1174 196 1210 sunt:
220 1179 314 1223 qnorum
327 1161 387 1204 haud
401 1163 467 1220 pauci
481 1162 540 1207 Novi
560 1163 589 1206 Τ.
615 1172 729 1223 praecepta
743 1172 766 1207 et
780 1179 829 1207 sen-

129 1235 210 1279 tentias
225 1233 256 1276 ita
270 1229 420 1288 explicarunt,
440 1238 465 1273 ut
484 1247 550 1289 quam
569 1232 664 1288 plurima
682 1232 728 1274 illis
749 1232 831 1275 similia

130 1311 182 1346 turn-
192 1318 220 1345 ex
234 1299 316 1343 Vetere
331 1303 377 1341 tum
393 1313 419 1341 ex
432 1299 629 1358 ‹reliquerantiquate
640 1299 716 1342 aetatis
725 1300 831 1343 memoria

130 1377 235 1430 congesta
250 1367 399 1431 adponerent,
412 1381 461 1409 uon
475 1367 552 1410 laudes
567 1368 620 1411 inde
639 1369 754 1427 evangelio
769 1369 829 1412 addi·

129 1440 187 1495 turi,
203 1437 242 1481 sed
258 1436 285 1479 ad
299 1428 461 1478 ostendendum
478 1436 617 1478 multarum
618 1441 698 1479 rernm
704 1430 831 1481 humanum

131 1515 196 1566 atque
210 1504 332 1548 naturalem
346 1495 438 1546 fontem
468 1493 501 1545 ld
505 1503 578 1558 enim,
594 1501 707 1563 quoniam
712 1511 790 1547 omne
795 1520 831 1548 ve·

130 1591 180 1619 rum
195 1572 274 1618 stabile
286 1576 354 1630 atque
369 1575 481 1613 aeternum
497 1578 542 1623 est,
560 1572 593 1614 fas
609 1587 657 1615 esse
672 1560 779 1627 traditor,
795 1573 832 1616 de·

130 1657 210 1701 rogare
225 1640 323 1698 indolem
335 1635 438 1683 divinam
451 1646 472 1681 et
486 1639 613 1694 detrahere,
629 1641 650 1683 si
663 1639 767 1699 quidex
785 1657 832 1684 mu-

98 1740 99 1743 =
131 1710 194 1754 tahili
209 1707 343 1767 cogitatione
361 1707 397 1750 vel
412 1723 439 1751 cx
453 1708 521 1750 unius
536 1708 609 1765 gentis
624 1723 663 1751 sen
673 1708 775 1751 h'o'minis
786 1709 832 1771 opi·

131 1780 200 1823 nione
215 1778 305 1835 antiqua
319 1775 360 1819 v'el
369 1780 457 1817 rumore
477 1775 560 1819 incerto
576 1783 661 1819 ortum
668 1792 717 1819 esse
731 1776 834 1819 historici

133 1845 299 1905 cognoverint.
333 1842 388 1885 Inde
409 1843 482 1901 gravia
498 1845 524 1886 de
543 1844 619 1887 multis
634 1844 700 1886 rebus
715 1833 783 1887 inN.
797 1840 831 1886 Τ

131 1915 205 1959 obviis
224 1911 309 1972 judicia
332 1912 508 1966 exercebantur,
523 1917 616 1971 quorum
631 1911 696 1955 facile
711 1912 833 1955 benevolus
892 1926 894 1928 ·

131 1980 203 2027 lector
223 1979 393 2025 recordabitur
416 1979 489 2035 erae
499 1978 561 2023 verbi
581 1980 688 2032 consede
709 1981 797 2024 diaholo
813 1986 835 2023 et

133 2048 240 2110 angelis
234 2066 258 2093 ιιι
272 2049 347 2092 lihris
353 2049 426 2092 sacris
447 2037 565 2111 leguntur,
583 2048 627 2092 ubi
643 2036 785 2093 adventicia
776 2052 835 2091 esse

133 2129 154 2165 et
168 2137 196 2164 ex
210 2116 329 2163 Persdrnm
343 2104 452 2175 religione
466 2114 545 2160 hausta
556 2117 730 2177 animadvertit,
751 2117 835 2160 aboleri

130 2197 249 2250 'propterea
260 2189 286 2230 'et
295 2186 425 2242 'error'ih'u's⁷
441 2185 480 2247 qui
493 2185 593 2229 'fama'i‘n
613 2192 699 2229 mentes
716 2187 834 2245 irrepsere,

134 2255 415 2301 adnumerari'lii‘s'torieus
432 2255 506 2312 jubet.
536 2275 537 2278 ¹
557 2254 619 2297 ‘lde'm
637 2255 702 2298 Pauli
723 2255 750 2298 de
768 2255 834 2298 rebus

130 2325 262 2370 'novissimis
275 2324 401 2366 doctrinam
416 2324 467 2367 ideo
482 2323 559 2381 longe
563 2318 663 2366 minoris
679 2323 759 2381 faciet,
776 2324 836 2383 quod

134 2395 269 2441 Judaeorum
276 2392 426 2451 opinionibus
441 2392 587 2436 inveteratis
585 2396 634 2434 non
649 2392 767 2435 dissimilis
787 2408 836 2435 esse

135 2463 260 2523 reperitur,
273 2462 348 2519 neque
361 2450 485 2505 Johann'e'm
501 2460 625 2504 admodum
629 2448 768 2504 venerabitur
782 2461 835 2502 Phi·

136 2532 197 2575 lonis
211 2530 365 2587 theologiam'
359 2531 476 2591 rmitatum.
522 2529 581 2573 Hoc
585 2530 727 2572 modoetiam
741 2545 777 2573 res
792 2545 836 2587 ma

136 2600 229 2659 g'nilieac
239 2593 397 2649 ertenuantnr,
410 2594 500 2660 fortuita
511 2600 609 2658 ¹quadam
619 2601 658 2641 seu
674 2584 836 2656 erigua'earum

137 2668 224 2726 origine
239 2667 410 2721 detectmlpsae
422 2666 576 2710 ‘Hebraeorum
595 2668 624 2711 de
644 2666 727 2710 lllcssia
745 2670 836 2709 venturo

136 2752 201 2797 spes,
217 2735 329 2796 siquidem
343 2735 481 2780 Davidianae
495 2743 581 2780 tantum
600 2735 675 2794 stirpis
691 2734 758 2779 exitio
778 2735 835 2780 exci-
