1851 3132
103 392 142 436 Sic
158 391 260 436 homines
274 391 308 434 illi
324 390 410 448 (llattb.
431 393 473 447 14,
492 392 540 448 55.)
561 406 603 434 una
622 405 671 434 cnm
689 392 743 436 Jesu
763 408 803 451 per

99 462 174 507 ,lacum
189 460 245 505 vecti
254 459 407 512 Tiberianam,
424 461 516 504 simulac
526 460 614 504 sedatos
624 459 704 503 lluctns
718 461 801 520 ipsum·
814 451 817 453 ’

103 546 146 589 que
171 545 236 588 supra
260 545 319 573 mare
344 530 491 573 ambulantem
512 535 686 588 conspexerunt,
711 535 801 587 stupore

103 614 182 656 magno
198 599 297 657 perculsi
312 598 371 640 bunc
386 598 430 640 Dei
445 599 461 641 l.
478 614 526 641 esse
542 597 610 650 (baeti
632 589 684 645 otto
699 597 748 639 sine
766 613 800 640 ar·

102 668 179 722 ticulo)
198 667 354 710 vociferantur.
390 665 435 720 Qui
450 665 512 708 cruci
532 673 611 725 postea
621 664 710 706 affixum
721 664 801 708 ludaei

102 745 125 779 ut
140 737 188 778 sinc
200 749 267 776 ¹mora
287 749 311 776 se
330 733 409 791 eripiat
428 734 505 790 morti,
527 732 686 777 contumeliose
704 733 800 777 inritant

72 852 73 855 Ἴ
101 804 189 853 (March.
197 804 241 853 27,
257 802 297 845 40.
313 803 333 843 εἰ
347 804 378 846 ot.
389 800 411 846 εἷ
420 819 440 846 c.
451 808 505 858 oz),
520 810 612 846 naturae
621 800 685 861 quasi
694 800 799 846 Messinm
810 849 814 856 Ι
856 854 859 856 Α

99 871 246 932 praepositum
261 871 357 923 babent,
373 870 409 913 cui
424 871 540 930 imperanti
550 872 608 914 vires
615 869 722 912 maximae
737 885 798 929 prae·

99 949 133 984 ter
147 930 237 984 moduin
247 940 408 998 terminumque
418 939 507 983 solitum
518 939 683 996 obtemperent:
699 936 729 979 ita
738 952 798 993 vero,

98 1018 124 1053 ut
138 1025 150 1051 a
164 1008 215 1052 Deo
234 1008 314 1051 donata
334 1010 375 1060 (vs.
392 1008 429 1050 45.
439 1002 546 1066 ῥυσάσθω
562 1033 590 1042 -·-
604 1007 626 1050 εἰ
634 1004 699 1050 θέλει
715 997 797 1057 αὐτόν)

98 1077 197 1137 potentia
206 1084 286 1118 utatur.
313 1074 381 1117 Unde
389 1076 413 1118 id
423 1092 512 1135 quoqne
522 1075 664 1138 repetendum
675 1079 720 1125 est,
737 1067 798 1132 quotl

58 1171 62 1175 -
97 1140 196 1189 centurio
211 1144 249 1186 ille
263 1142 350 1198 (March.
365 1144 410 1193 27,
424 1144 456 1186 54
467 1144 576 1202 parall.),
596 1143 636 1186 ubi
650 1141 744 1185 animam
760 1157 796 1185 cx·

97 1215 195 1271 spirante
208 1213 262 1254 lesu
276 1210 406 1253 horribilem
420 1218 490 1254 terrac
505 1221 588 1255 motum
603 1219 718 1269 ceteraque
732 1210 795 1254 miri·

95 1282 137 1325 ficc
152 1287 228 1324 eventa
242 1278 409 1333 animadvertit,
424 1279 494 1324 luisse
508 1279 572 1323 illurn
587 1279 632 1322 Dei
652 1286 726 1321 natum
742 1293 794 1321 con·

97 1349 200 1402 firmavit,
215 1362 306 1406 prorsus
322 1348 494 1390 consentancum
510 1362 558 1390 csse
576 1354 650 1402 ratus,
665 1353 690 1389 ut
707 1347 749 1405 qui
762 1349 794 1388 vi·

94 1431 136 1459 rus
151 1416 244 1458 maxima
254 1429 353 1473 quaeque
362 1415 503 1472 perfecisset,
519 1415 567 1472 ejus
578 1430 637 1457 mors
648 1430 737 1473 quoque
745 1413 794 1463 istis

74 1481 76 1487 ’
94 1483 202 1541 prodigiis
218 1482 372 1525 celebraretur.
403 1483 480 1526 Restat
496 1491 569 1526 tamen
584 1482 670 1542 aliquid
689 1483 793 1526 oll'ensio-

93 1552 129 1593 nis
144 1552 168 1592 in
183 1552 225 1592 hoc
240 1550 304 1594 dicto.
338 1549 473 1593 ludaeorum
493 1551 588 1609 aliquis,
608 1552 628 1594 si
647 1549 697 1610 quis
717 1550 792 1592 militi·

92 1620 135 1661 bns
150 1618 252 1660 interfuit
267 1618 299 1669 (οἱ
312 1615 363 1674 μετ’
379 1615 475 1675 αὐτοῦ),
491 1619 528 1662 vix
542 1627 628 1678 poterat
635 1620 678 1662 boc
693 1627 792 1677 tempore

92 1686 247 1731 moribundum
262 1686 372 1729 bominem
388 1694 497 1746 turpeque
510 1688 646 1747 supplicium
660 1701 790 1746 perpessum

93 1755 202 1798 declarare
217 1753 337 1804 lllcssiam,
353 1762 374 1796 at
384 1754 498 1797 Romanus
509 1756 607 1798 centurio
623 1756 677 1814 quid
693 1770 790 1812 unquam

92 1823 119 1866 tle
133 1822 177 1865 Dei
191 1821 245 1864 fillo.
254 1822 376 1879 cognovit‘.l
393 1821 441 1876 Qua
457 1823 484 1865 de
500 1839 579 1875 eausa,
595 1839 664 1882 quum
678 1830 791 1881 praeterea

91 1891 140 1933 sinc
154 1889 246 1933 articulo
261 1904 342 1931 nomen
357 1890 455 1947 positum
477 1891 518 1946 sit,
538 1891 662 1934 Fritzscbio
682 1891 789 1941 hocloco

90 1958 177 2003 videtur
191 1956 292 2000 Christus
307 1972 348 2015 pro
363 1959 461 2001 numinis
476 1960 571 2016 alicujus
587 1968 638 2004 nato
649 1959 787 2003 ethnicorum

90 2041 151 2070 more
165 2024 251 2068 babitus
266 2039 321 2068 esse.
350 2025 429 2084 Neque
444 2042 495 2068 vero
506 2027 596 2069 eandem
607 2028 728 2070 sententiae
742 2028 787 2071 rim

90 2109 139 2137 csse
153 2092 288 2151 putaverim,
304 2108 330 2135 ac
346 2093 365 2135 si
385 2109 397 2135 c
417 2092 552 2137 Judacorum
572 2095 646 2154 aliquo
666 2095 787 2149 audiretur,

90 2177 222 2221 quamquam
237 2160 341 2203 articulus
351 2160 442 2220 quidem
457 2176 501 2204 non
517 2162 618 2208 bocloco
634 2164 701 2207 unico
716 2163 785 2206 abest.

90 2229 203 2285 Quantum
219 2244 270 2274 vero
284 2227 366 2272 valeret
373 2260 389 2285 ,s
399 2228 487 2273 lucilius
506 2232 655 2290 perspiceres,
675 2232 695 2275 si
713 2232 786 2276 virum
854 2289 857 2291 μ

87 2298 123 2342 vel
138 2314 213 2342 rernm
225 2297 366 2341 Judaieamm
381 2297 416 2340 vel
431 2298 530 2344 fortunae
545 2299 630 2343 Christi
645 2300 714 2343 fnisse
729 2300 787 2360 peri·
849 2318 851 2323 ’

88 2367 166 2415 liorem
181 2366 292 2423 conjicere
305 2366 390 2409 liceret.

96 2451 102 2467 ‡
144 2433 189 2477 Serl
204 2450 250 2478 non
258 2434 360 2479 bomines
371 2434 422 2487 soli,
433 2451 509 2481 verum
519 2435 637 2480 daemones
647 2436 720 2493 ctiam,
729 2439 790 2497 qnorl

86 2503 123 2547 bic
141 2502 212 2562 placet
231 2503 415 2566 commemorare,
430 2520 502 2548 nosse
521 2504 565 2549 Dei
583 2505 655 2549 lilium
678 2514 700 2549 et
723 2507 787 2565 quasi

86 2571 188 2617 bumanis
208 2585 236 2614 ex
255 2570 331 2615 oribus
350 2573 467 2617 invocasse
486 2574 610 2618 traduntur.
640 2573 696 2618 Nam
715 2573 785 2617 lllarc.

85 2642 113 2693 5,
128 2642 156 2685 ll
171 2647 194 2683 et
212 2640 268 2683 Luc.
290 2640 319 2692 4,
344 2642 375 2685 lll
394 2648 534 2700 aegrotantes
552 2642 657 2686 nonnulli
676 2642 787 2686 daemoni-

86 2709 129 2753 bus
143 2709 193 2753 istis
208 2709 294 2753 obsessi
308 2708 334 2752 arl
349 2708 433 2755 Christi
443 2712 525 2770 perles,
541 2713 669 2772 prinsquam
679 2717 786 2754 sanantur

85 2777 111 2821 ab
127 2794 166 2836 co,
182 2794 231 2823 sese
244 2786 398 2839 prosternunt,
417 2781 535 2841 eademque
555 2782 620 2826 rerba
636 2779 724 2839 sacpius
740 2778 786 2835 jam
