1851 3132
381 257 468 316 ea

101 390 156 434 cinit
173 393 232 434 inter
251 404 282 434 se.
318 389 432 435 Christum
451 393 511 435 enim
534 389 573 449 qui
598 389 696 433 nondum
711 395 799 442 norant,

101 473 175 517 neque
189 465 277 518 pectore
291 466 337 509 toto
352 461 471 505 consilium
486 460 536 517 ejus
554 458 651 518 amplexi
665 465 741 514 crant,
761 474 800 503 eos

102 527 220 586 splendide
234 528 289 572 facta
303 529 407 589 admirari
421 529 526 572 maluisse
534 543 599 587 quam
609 527 673 586 sequi
684 534 707 569 et
716 527 802 572 sineere

102 595 176 639 colere
184 604 316 641 servatorem
331 597 447 656 probabile
461 603 501 640 est.
531 600 565 640 Ac
579 596 659 641 Judaci
673 597 802 655 praesertim

103 669 159 709 tunc
173 665 279 725 temporis
293 666 343 710 visu
358 665 559 724 magis'rerumque
573 665 712 708 externarum
727 665 802 724 specie

103 734 218 785 delectati,
235 729 300 793 quom
315 733 343 777 ad
362 734 447 777 animus
465 733 647 794 pervestigandus
661 733 751 789 intenti,
766 747 802 776 ex·

104 795 287 845 cellentissimum
310 817 420 862 quemque
438 818 480 862 pro
502 802 627 846 'facinorum
650 801 805 860 magnitudine

104 870 255 913 aestimabant.
285 869 359 926 Quum
372 871 441 928 igitur
450 870 532 930 quibus
548 871 636 914 erebus
651 869 747 919 Messiae
767 884 804 911 au-

71 936 72 940 ’
104 938 193 980 ctoritas
207 945 341 998 spectaretur
358 939 463 983 traditum
481 939 603 994 haberent,
618 937 701 982 Christi
716 950 805 995 quoque

103 1004 171 1048 'vitam
186 1014 208 1049 et
226 1008 314 1065 negotia
322 1008 361 1051 illo
370 1009 435 1052 niodo
444 998 612 1067 ponderabant,
627 1007 730 1065 speciosa
739 1019 805 1063 saepe

105 1073 132 1115 de
146 1074 210 1118 coelo
224 1076 288 1134 signa
302 1084 432 1134 poscentes,
449 1091 520 1135 eoque
534 1091 631 1119 summas
639 1073 735 1118 Messiae
747 1073 805 1117 refe·

105 1142 184 1185 rebant
197 1142 280 1186 laudes.
309 1143 343 1187 Ex
357 1160 402 1203 quo
416 1145 478 1189 vides
493 1145 551 1188 dicta
566 1143 605 1187 illa
617 1142 725 1186 historiar
734 1141 805 1199 magis

106 1225 155 1252 esse
177 1226 243 1268 quarn
266 1211 386 1269 dogmatici
405 1210 542 1270 argumenti:
567 1227 618 1254 nam
636 1218 661 1265 ,εἰ
679 1211 707 1253 ad
724 1224 806 1252 munus

106 1277 201 1339 Messiae
217 1280 278 1322 etad
294 1296 400 1323 summam
416 1281 465 1338 ejus
473 1280 596 1338 potentiam
610 1277 807 1336 etanrplitudinem

106 1345 259 1390 celebrandam
273 1348 372 1391 Deinlii
392 1363 483 1407 quoquc
499 1349 595 1391 nomine
609 1347 646 1391 usi
666 1352 728 1390 sunt.
756 1345 808 1389 -Hac

107 1413 196 1472 quidem
210 1415 233 1457 in
249 1416 347 1459 nominis
362 1416 569 1474 circumscriptione
588 1415 615 1458 de
633 1422 712 1457 natura
730 1429 808 1473 perso·

107 1496 180 1540 naque
190 1481 273 1526 Christi
282 1483 342 1526 haud
350 1484 444 1527 multum
454 1485 568 1537 statuitur,
575 1483 625 1526 nisi
635 1483 696 1542 quod
706 1483 807 1526 omnium

107 1549 192 1605 primus
206 1557 228 1593 et
241 1557 302 1594 tanto
316 1553 401 1595 honore
421 1552 549 1612 viribusque
568 1551 635 1595 tantis
654 1550 809 1594 condonandis

109 1617 253 1674 dignissimus
267 1618 336 1663 fuerit
351 1635 444 1663 necesse
463 1621 501 1664 sit.
536 1619 609 1679 Super
626 1621 736 1662 humanae
756 1634 808 1662 con·

109 1682 201 1728 ditionis
216 1687 272 1729 fines
287 1703 415 1731 communes
433 1690 475 1731 etsi
490 1689 567 1732 extolli
585 1694 636 1730 euni
654 1687 809 1742 concedamus,

109 1753 196 1797 divinae
210 1761 282 1798 tamen
300 1756 383 1811 indolis
402 1757 441 1815 qui
465 1756 543 1805 modus
567 1756 675 1815 locusque
694 1761 810 1812 statuatur,

110 1838 157 1865 non
171 1822 248 1881 liquet.
279 1824 378 1867 Decebat
399 1824 490 1883 oninino
511 1823 637 1878 Christum,
659 1823 719 1882 quod
737 1823 811 1880 egisse

111 1906 161 1934 eum
176 1906 242 1949 supra
257 1891 284 1935 ad
298 1908 375 1937 vocem
389 1885 617 1951 chord'cnotabam,
633 1899 658 1934 ut
667 1906 740 1950 neque
755 1906 810 1934 sem·

111 1974 152 2017 per
166 1959 258 2016 fugeret
273 1975 355 2019 neque
365 1960 412 2004 ullo
430 1960 498 2004 modo
517 1967 647 2018 exposceret
664 1959 743 2019 populi
763 1959 810 2002 lau-

112 2026 224 2081 dationes,
246 2042 350 2072 verume
366 2028 484 2088 discipulis
502 2027 659 2087 primis'rectc
679 2025 725 2071 coli
745 2026 812 2071 vellet

113 2103 136 2138 et
150 2096 264 2153 cognosci.

169 2163 284 2222 Scd'quac
298 2163 360 2208 uocis
373 2163 471 2221 alicujus
479 2163 559 2208 dictive
570 2162 704 2221 significatio
714 2163 752 2220 sit,
766 2178 813 2207 non

113 2248 126 2275 a
139 2232 211 2290 priori
225 2240 249 2276 ut
263 2232 341 2275 dicunt
355 2232 515 2291 perspicimuS,
529 2246 604 2291 neque
618 2231 750 2275 immutabili
761 2247 814 2291 qua-

114 2300 163 2343 dam
179 2308 200 2343 ct
214 2299 324 2345 constanti
334 2296 426 2345 eflicitur
434 2300 592 2353 vocabulorum
602 2300 638 2356 vi,
653 2299 692 2343 sed
701 2315 713 2342 e
722 2300 815 2360 loquen-

106 2369 171 2411 tium
186 2385 276 2428 quoque
290 2369 382 2427 ingenio
397 2376 463 2428 atque
477 2369 624 2426 intelligentia
639 2368 729 2428 pendet.
758 2369 817 2414 Nam

115 2451 159 2495 quo
175 2437 225 2495 quis
240 2436 348 2495 ampliora
363 2446 385 2482 et
399 2437 517 2481 subtiliora
534 2436 753 2497 mentecomplexus
774 2444 817 2494 est,

115 2520 142 2548 eo
156 2504 298 2559 uberiorcm5'
313 2506 354 2550 ubi
368 2506 445 2564 eloqui
461 2506 500 2549 illa
509 2506 581 2562 volet,
595 2499 705 2551 attribuet
714 2506 819 2549 nimirum

116 2573 189 2616 verbis
204 2573 348 2617 sententiam:
365 2581 389 2617 ut
407 2576 474 2618 iidem
490 2575 540 2618 soni
555 2575 582 2618 ab
603 2575 647 2619 alio
665 2574 756 2619 homine
774 2574 819 2618 alio

116 2641 176 2685 haud
193 2657 242 2686 raro
260 2643 462 2703 sensu‘modoque
485 2643 614 2688 fundantur.
661 2645 696 2688 Ac
721 2646 819 2688 nostram

117 2711 174 2755 hanc
189 2710 306 2757 verborum
325 2709 502 2771 complexionem
517 2714 548 2756 ita
563 2713 658 2757 vidimus
673 2710 820 2771 comparatam

118 2794 180 2837 esse,
195 2780 232 2824 cui
247 2782 303 2825 alius
316 2780 382 2825 aliam
392 2780 457 2827 facile
467 2781 581 2827 notionem
591 2781 715 2838 substituat,
743 2778 822 2825 iratior
