1851 3132
415 185 418 201 ’
471 203 489 254 o

411 277 547 284 m

133 338 323 410 qnaerunt,l1ine
337 348 441 392 Andreae
450 340 514 403 (leh.
531 349 557 401 1,
572 347 622 404 42),
642 349 830 394 mulieris'Suma·
899 391 902 394 ,

129 420 214 461 ritanae
227 418 294 462 uerba
308 418 348 476 (4,
363 418 406 475 25)
422 424 488 477 atque
502 417 559 462 illud
574 417 633 461 hand
647 434 719 462 rarum
734 419 829 463 interro·

128 488 225 545 gationis
239 503 322 546 genus:
339 486 363 530 εἴ
376 501 403 534 oe
423 485 445 530 εἷ
465 483 538 543 ὁ-Χρ.
558 486 636 530 Jesum
658 488 732 546 ipsum
756 503 830 546 neque

78 571 79 574 ¹
128 554 227 598 studiose
241 565 339 615 captasse
354 557 450 599 honores
465 555 485 598 ei
501 556 540 614 qui
554 554 777 598 Christusdieeretur
791 557 828 598 tri-

130 623 228 668 lrueirrlos
244 640 317 684 neque
331 623 443 682 respuisse
463 623 577 668 videmus:
598 640 658 681 nunc
678 624 737 668 enim
751 625 783 667 ita
803 626 830 668 de

128 690 216 736 Christo
230 693 342 750 loquitur,
357 700 382 736 ut
396 707 420 734 se
440 692 513 751 ipsum
522 702 523 706 ’
532 691 653 751 significari
667 693 732 736 facile
746 692 830 737 intelli·
882 732 884 735 .

130 776 182 818 gas,
205 759 342 821 etludaees
362 761 420 804 sitne
439 776 514 805 revera
535 758 546 803 ὃ
566 753 670 820 Χριστός
689 761 828 804 sciscitantes

127 835 190 886 gesta
205 830 280 873 omnia
293 820 307 871 a
326 843 350 872 se
369 830 452 873 intueri
470 830 569 888 ineleque
587 830 738 886 conjecturam
757 827 833 873 facere

125 895 192 953 jubet
206 895 269 951 (Joh.
284 897 328 953 19,
343 897 374 940 24
388 897 514 956 ειῃμΙιιιο.
534 897 581 951 22,
601 896 655 953 67),
674 912 735 940 nune
754 905 829 956 aperte

127 962 221 1023 negligit
242 966 357 1008 hominum
377 964 404 1008 de
424 965 505 1008 Messia
524 964 643 1022 opiniones
664 964 725 1020 (Joh.
744 966 772 1016 7,
792 965 829 1008 27.

128 1032 166 1087 12,
180 1033 233 1088 54),
249 1049 322 1093 neque
338 1035 425 1093 qualern
440 1033 475 1077 illi
489 1032 536 1077 lore
551 1041 672 1092 cuperent,
693 1033 760 1076 talem
782 1049 832 1076 sese

37 1101 38 1108 ’
113 1103 246 1160 ,praestet,'
262 1103 370 1162 prospicit
399 1103 518 1160 diligenter
537 1102 601 1159 (Luc.
617 1103 644 1158 5,
660 1103 698 1146 14.
718 1102 831 1159 4,41.9

128 1170 167 1214 56.
189 1169 231 1214 col.
245 1170 269 1226 3,
284 1171 332 1225 59.)
361 1171 440 1216 Postea
454 1185 515 1230 vero,
531 1176 599 1230 qutun
609 1179 678 1214 totam
688 1171 783 1216 lllessiae
798 1171 831 1214 di-

129 1239 236 1296 gnitatem
256 1241 379 1296 susceperit
410 1247 432 1282 et
455 1240 577 1296 superarit,
609 1255 634 1282 ae
654 1239 759 1298 discipuli
778 1240 830 1298 quis

129 1307 230 1351 Christus
245 1316 304 1351 esset
318 1323 331 1350 e
344 1309 400 1353 Jesn
417 1307 581 1361 intellexerint,
603 1308 658 1367 quid
678 1308 740 1352 aliud
758 1307 831 1367 potuit

128 1375 190 1433 fieri,
205 1376 251 1429 nisi
264 1383 289 1419 ut
302 1391 345 1420 vox
359 1377 446 1433 abjecta
460 1376 586 1435 appellativi
608 1375 708 1419 nominis
727 1377 750 1421 vi
768 1391 832 1435 prae·

129 1443 174 1488 fixo
194 1444 287 1488 articulo
309 1444 419 1500 indicata,
441 1435 499 1503 'quae
517 1451 591 1487 tamen
610 1444 634 1487 in
654 1445 719 1488 Actis
740 1444 830 1503 saepius

130 1513 168 1567 (2,
183 1513 221 1556 51.
237 1512 275 1563 56,
289 1513 317 1564 5,
332 1513 369 1555 19.
390 1513 419 1563 4,
438 1512 476 1555 26.
495 1512 523 1563 9,
543 1513 567 1555 5.
587 1512 618 1564 9,
637 1513 739 1569 2219,
759 1512 830 1569 tal.)

129 1588 152 1624 et
165 1588 446 1640 praetereanonnnnquam
461 1580 546 1629 (t'Joh.
561 1580 589 1634 2,
603 1580 640 1624 22.
655 1582 727 1639 Apoc.
743 1582 780 1635 11,
795 1582 831 1624 15.
879 1583 881 1586 ’

129 1649 167 1704 12,
183 1650 220 1702 10)
230 1656 344 1709 superest,
359 1649 384 1692 in
398 1649 513 1708 preprium
527 1648 587 1707 quod
603 1649 680 1691 dieunt
698 1658 778 1693 nomen
795 1650 831 1692 alt·

98 1721 100 1724 ’
129 1717 187 1760 iret‘l
207 1716 245 1760 Sic
253 1718 350 1777 positum
356 1717 479 1760 sexcenties
488 1716 585 1759 occurri-t
595 1716 689 1760 articulo
699 1723 738 1760 aut
748 1718 832 1760 omisso
846 1748 847 1751 η

132 1791 170 1827 aut
184 1785 259 1829 addito
280 1782 435 1841 cumYpemie
454 1792 476 1827 et
493 1776 573 1841 eripuere
587 1784 648 1828 vario
660 1785 726 1827 modo
739 1785 831 1841 conjun-

130 1859 197 1895 ctum.
217 1850 298 1896 Paucis
313 1853 465 1896 tautummodo
479 1851 550 1909 loeis,
565 1851 604 1895 uhi
617 1851 685 1896 Jesus
698 1853 833 1912 pretiosissi-

129 1936 166 1964 mo
181 1921 245 1981 quusi
260 1922 351 1981 spiritus
366 1921 438 1965 saneti
448 1921 531 1965 dicitnr
540 1914 653 1980 unguento
667 1921 765 1972 tinctus,
781 1938 832 1981 pro·

73 2008 75 2011 ⁴
130 1988 179 2047 prie
193 1989 248 2048 quid
261 1989 326 2033 fuerit
340 1990 364 2033 in
383 1989 475 2034 nomine
492 1989 636 2034 recordamur
654 1990 716 2043 (Aet.
732 1991 782 2042 10,
802 1991 833 2034 59

131 2055 162 2107 ὡς
186 2054 274 2117 ’ἔχρισεν
295 2051 367 2102 αὐτὸν
386 2055 437 2100 to.
457 2052 544 2113 nascier}
564 2054 601 2115 ἀγ.
627 2056 665 2100 eorl
682 2051 782 2116 δυνάμει
805 2060 833 2104 ef.

131 2127 156 2184 4,
169 2127 205 2170 27.
220 2127 276 2181 Luc,
291 2125 371 2179 4,·19.
401 2125 470 2169 Hebr.
484 2129 511 2177 1,
527 2126 558 2180 9).
766 2127 768 2129 ’

186 2195 280 2240 Accedit
298 2194 396 2238 altorum
420 2194 550 2253 ephitlreton
570 2190 582 2237 ὃ
602 2189 708 2251 βασιλεὺς
731 2211 752 2239 τ.
771 2193 832 2240 'Ioe-

132 2261 202 2308 δαίων
222 2263 269 2307 sive
283 2279 304 2305 τ.
319 2259 415 2322 Ἰσραήλ
429 2279 457 2306 ex
475 2263 554 2306 iisdem
572 2262 618 2305 fere
637 2262 693 2306 loeis
713 2263 834 2308 derivatum

71 2350 72 2354 ¹
132 2332 170 2389 (el.
186 2332 254 2376 Mich.
269 2332 298 2388 5,
319 2333 333 2376 1
351 2332 426 2392 buit:
440 2324 579 2389 ἡγούμενος)
600 2332 714 2391 priorique
732 2341 836 2392 tanquam

53 2424 58 2429 ·
132 2416 272 2461 synonymon
292 2401 403 2456 adjecturi
420 2399 503 2442 Matth.
525 2400 566 2452 27,
586 2399 625 2442 49.
645 2399 716 2460 Mare:
733 2402 777 2457 15,
796 2402 834 2446 52.

133 2471 187 2514 Luc.
198 2468 241 2521 25,
255 2468 298 2519 55,
313 2468 351 2511 57.
361 2468 399 2511 59.
415 2467 459 2511 Sed
473 2468 532 2523 vide,
544 2466 645 2511 collectis
656 2469 721 2513 dietis
731 2469 835 2513 omnibus

133 2554 199 2598 quam
214 2536 273 2580 varia
288 2535 321 2578 vis
338 2552 363 2579 ac
383 2536 494 2579 sententio
513 2542 648 2594 compareat.¹
684 2537 758 2592 Quem
777 2540 836 2597 magi

132 2607 199 2651 ruodo
214 2611 290 2663 natum
305 2618 334 2648 ex
348 2603 568 2663 itinere-longinquo
585 2614 737 2649 convenerunt
752 2616 774 2650 et
789 2615 835 2650 ten·

134 2691 201 2735 qnam
223 2687 297 2738 regern
321 2672 441 2715 adorarunt
469 2671 558 2729 (Mattt.
587 2675 624 2729 2,
640 2673 677 2731 2),
703 2674 745 2724 cui,
759 2682 836 2734 postea

134 2743 198 2789 multi
213 2743 255 2787 hoc
269 2740 333 2785 titulo
343 2739 509 2798 ¹occlar'uarunt,
525 2741 560 2801 uti
574 2741 708 2788 Nathanaetv
717 2742 761 2787 duo
776 2742 836 2786 attri-
