1851 3132
450 195 487 236 60

118 326 192 384 phetis
207 334 229 370 et
243 328 333 386 regibus
349 328 465 373 celsiorem
480 344 491 370 a
506 327 605 383 Davide,
620 344 686 388 quem
701 329 817 374 modo'ro'·

119 402 205 439 caverat
219 393 301 450 παῖδα,
316 395 404 440 disertis
414 397 656 442 verbis'discernerett·
675 399 748 443 Nosse
758 398 822 443 euim·

118 461 251 522 scriptorem
265 478 343 508 vocum
358 464 488 520 discrimina
504 466 557 510 inde
568 464 679 521 ridemus,
694 466 817 525 quodapo*

119 530 172 574 stoli
186 531 260 590 paullo
275 532 334 575 infra
348 547 381 578 rs.
396 534 426 576 29
440 550 486 577 non
502 535 581 578 iterum
596 532 676 583 παῖδες
689 533 819 578 seddodloc

118 606 288 658 nuncupantur,
306 616 362 661 quae
377 618 433 654 voa,
449 607 518 665 quum
533 604 559 646 ah
574 601 704 646 illustranda
719 601 761 646 filii
775 603 819 646 for·

118 673 172 710 tuna
186 667 314 732 abhorreat,
329 686 445 729 nunquam
461 673 488 715 de
502 671 590 731 Christo
605 677 710 729 usurpata
720 677 760 713 est.
782 671 820 714 Ad

117 735 161 779 hoc
176 736 236 794 quod
250 737 395 796 respondeam
410 739 467 782 nihil
486 740 570 795 haheo,
595 740 640 783 nisi
659 735 718 797 qhod
737 738 822 796 placuit

117 804 154 849 vel
172 805 255 849 oratori
274 805 310 849 vel
324 805 429 866 scriptori
447 809 477 851 ita
496 812 522 852 ut
536 807 633 851 diximus
648 818 772 849 sermonem
786 806 820 848 in·

118 872 229 928 stituenti,
243 875 321 918 Jesum
337 882 358 917 et
373 885 497 919 emortuum
513 884 534 919 et
544 878 568 919 in
578 876 649 918 lucem
660 875 763 917 reducem
772 874 820 918 Deo

118 949 208 985 auctore
222 942 384 986 sanctissimum
400 945 450 1000 ejus
469 952 491 986 ct
506 945 533 987 ab
550 943 818 1002 jipso‘inauguratuml‘c.

119 1004 187 1067 ἅγιον
200 1003 273 1054 παῖδά
289 1024 331 1053 ooo
345 1034 373 1044 —-
389 1009 416 1055 ὃν
431 1011 532 1069 ἔχρισας)
548 1012 673 1054 ministrum
687 1026 820 1069 proponere.

118 1075 197 1136 Neque
211 1078 370 1142 vituperandus
385 1087 418 1122 est
437 1086 555 1139 propterca
574 1080 670 1138 scriptor
687 1079 723 1123 vel
738 1079 765 1121 de
780 1078 820 1121 mi-

118 1147 181 1189 noris
196 1147 308 1203 aestimata
323 1147 408 1190 domini
419 1147 566 1204 amplitudine
575 1147 721 1200 accusandus,
736 1146 821 1189 etiarnsi

118 1212 244 1257 labeonem
259 1214 349 1273 quidem
364 1215 395 1258 ita
409 1215 521 1257 'dicturum
531 1214 601 1257 fuisse
610 1216 648 1258 vix
658 1220 742 1272 putem,
758 1228 821 1272 prac-

119 1282 195 1323 sertim
211 1297 278 1339 quum
294 1282 321 1324 ad
336 1282 424 1325 Veteris
439 1282 468 1324 Τ.
484 1290 569 1339 typum,
585 1281 744 1340 quemdicunt
758 1282 820 1330 theta·

117 1349 178 1406 logi,
192 1346 321 1408 ⁴appellatio
340 1348 391 1392 ficta
406 1350 442 1397 sit,
480 1349 538 1393 Nam
553 1350 613 1405 quod
628 1348 821 1392 Nitzsehiusdata

117 1417 160 1460 hac
184 1418 300 1460 occasione
320 1417 425 1472 adnotat,
451 1418 525 1460 omnia
540 1417 642 1475 quaede
656 1417 702 1460 Dei
720 1416 820 1473 colendi,

117 1485 275 1545 prosequendi,
291 1485 393 1528 imitandi
403 1502 488 1528 summo
500 1485 707 1547 quodamenemplo
718 1485 742 1527 in
749 1485 779 1529 V.
789 1484 819 1528 T.

118 1554 226 1612 explicata
245 1555 303 1604 sint,
328 1552 416 1597 Christo
438 1562 555 1612 praesente
570 1543 753 1612 comprobari-et
773 1552 821 1607 fieri

118 1636 178 1678 vera,
188 1621 211 1664 id
219 1621 243 1664 in
252 1629 329 1665 nostra
340 1636 429 1680 quoque
439 1622 570 1680 quaestione
580 1620 732 1678 cognovimus.
747 1619 821 1674 Quare

118 1705 159 1743 eo,
187 1690 245 1748 quod
265 1689 390 1733 Matthaeus
411 1691 462 1743 (tu,
477 1690 520 1745 18)
539 1688 632 1738 vcrhae
650 1688 708 1732 servi
722 1687 822 1732 Jehovae

118 1758 268 1817 descriptione
283 1758 341 1816 apud
361 1758 457 1801 Jesaiam
479 1758 577 1800 desumta
597 1754 625 1811 (ὁ
640 1763 772 1812 uuictpooo,
793 1754 820 1801 ‘ta

58 1852 61 1858 ⁴
117 1823 242 1886 peioraue
263 1820 384 1884 ἀγαπητός
403 1827 460 1882 μου)
478 1825 560 1868 haud
553 1833 642 1883 mepte,
666 1825 685 1867 si
704 1825 731 1867 ab
752 1826 819 1868 inter·

114 1895 242 1974 pretatione
265 1895 374 1938 historica
387 1894 533 1944 discesseris,
566 1893 594 1936 ad
614 1892 724 1944 Christum
746 1894 821 1937 retulit

116 1963 241 2021 principem
257 1963 300 2005 Dei
316 1963 441 2005 ministrum
461 1961 520 2018 (Jes
529 1961 575 2016 dl,
590 1962 613 2006 8
635 1961 676 2015 45,
691 1959 748 2004 10¹
737 1978 749 2005 o
764 1969 820 2018 route
847 1956 849 1959 Α

117 2046 165 2087 μου
181 2029 207 2075 iio
228 2027 369 2087 stolatum,
384 2031 425 2083 45,
444 2030 479 2085 4),
500 2037 574 2073 nostra
596 2044 685 2088 qaoque
703 2029 769 2072 Petro
779 2045 819 2072 ac-

116 2107 181 2160 cepta
196 2100 342 2157 nuncupandi
357 2100 412 2142 ratio
428 2107 553 2141 excusatur.
584 2098 656 2141 Etiam
671 2097 718 2143 filio
733 2101 820 2142 servuu']

117 2168 178 2227 quod
192 2169 280 2211 deceret
298 2167 383 2226 aliquid
403 2166 532 2220 convenit,
546 2173 571 2208 nt
591 2173 684 2216 mortem
696 2176 775 2223 ‘usque
794 2165 819 2209 li·
872 2198 878 2202 -

116 2236 195 2279 beuter
209 2237 300 2280 domino
317 2235 478 2294 obtemperaret
484 2247 494 2274 ε’
509 2249 642 2293 quamquam
653 2233 755 2276 Christus
765 2232 817 2277 Joh.

116 2304 140 2358 8,
151 2305 182 2348 55
191 2319 203 2346 a
213 2320 276 2348 servo
287 2302 388 2361 (doridos)
398 2319 443 2347 non
454 2310 559 2362 perpetuo
571 2302 594 2345 in
611 2302 676 2345 domo
690 2317 819 2358 remansuro
876 2320 881 2325 -

116 2388 250 2433 magnopere
265 2389 289 2417 se
303 2372 404 2429 differre,
419 2379 444 2415 ut
458 2370 538 2415 filium
543 2369 637 2425 liberum
653 2377 675 2414 et
688 2371 820 2429 sempiterni

116 2442 181 2501 regni
195 2442 336 2501 participem,
355 2405 478 2500 profitetur
508 2439 560 2483 Duo
576 2439 738 2488 nominandis
758 2438 818 2483 θεοῦ

116 2518 139 2554 et
152 2505 232 2570 κύριος
246 2525 315 2570 quum
330 2510 374 2554 sihi
390 2508 475 2570 opponi
489 2508 559 2564 velis,
581 2507 692 2552 Christum
708 2506 819 2565 duplicem

116 2578 192 2623 locum
208 2577 318 2639 spectabis
334 2577 484 2631 obtinentem,
509 2583 534 2620 ut
548 2575 663 2630 dominum
677 2583 781 2619 nostrum
792 2574 818 2618 il

116 2649 163 2692 lum
181 2646 400 2704 colerejubcamur,
430 2646 493 2690 Deus
513 2661 578 2705 quern
602 2646 646 2690 sihi
665 2643 819 2702 fidelissimum

115 2717 255 2777 maximeque
268 2715 399 2762 familiarem
413 2716 541 2763 ministrum
550 2712 685 2767 assumserit.
696 2753 698 2756 ,
716 2711 818 2758 Tametsi
