1851 3132
477 178 512 221 28

144 327 198 354 num
217 326 268 355 vero
282 313 325 357 Dei
345 314 389 358 tilii
403 329 484 359 nornen
505 331 529 359 ae
549 315 652 360 virtutem
670 314 723 358 iude
750 314 843 374 probare

146 379 242 423 voluerit
257 382 363 440 scriptor,
387 382 474 427 etiamsi
492 385 546 428 haec
565 383 636 426 facitis
659 384 787 441 conjecturo
805 384 843 439 sit,

146 448 274 506 ambigitur.
304 449 404 494 Tandem
419 453 443 495 in
453 452 524 496 lexico
534 450 731 496 Brotschneiderus
741 454 783 496 hoc
793 454 842 498 loco

146 515 245 561 laudavit
264 516 332 564 Mare.
349 523 361 564 i
367 551 376 572 ,
391 521 404 562 1
414 519 494 563 additis
505 520 540 563 his
550 535 639 579 quoque
649 520 843 579 exemplis'Matth.

146 584 350 641 27‚5r.utta1=e.
367 588 408 640 15,
422 589 466 644 59,
482 604 537 647 quae
557 604 623 648 supra
638 589 734 632 anobis
749 603 843 633 commc-

146 662 228 697 morata
247 655 330 699 nollem
344 655 373 700 V.
388 655 423 700 Cl.
439 657 494 700 illue
503 657 621 700 retulisset.
650 655 769 699 Exorditnr
783 658 844 700 hisce

146 721 235 781 hiereos
248 723 345 767 librum:
362 724 469 781 „initium
482 725 536 769 laeti
545 725 622 769 nuncii
632 725 658 769 de
664 725 751 768 Christo
763 725 791 768 D.
806 727 842 768 f.“

147 789 209 843 (vind
224 807 245 834 τ.
256 792 305 849 d),
318 808 361 852 qna
371 795 395 836 iu
405 794 523 838 verhorum
533 794 649 847 brevitate,
659 809 726 852 quum
736 795 761 836 iu
770 793 858 853 proxi-

147 874 184 901 rue
199 862 343 918 sequentihus
357 861 419 905 itlius
434 862 533 905 attributi
547 861 608 906 nutla
623 861 707 904 mentio
721 861 773 917 fiat,
793 863 844 921 quis

148 929 289 986 escriptoris
303 930 376 973 animo
391 930 593 988 interpretationem
609 938 689 972 certam
703 929 793 974 eliciat?
813 929 842 973 cf.

147 996 272 1048 Fritzsehe,
288 995 409 1041 Comment.
425 998 452 1040 in*
463 997 531 1042 Marc.
546 1015 568 1058 p.
583 997 599 1039 8
613 1013 668 1056 sqq„
745 1018 747 1020 >

203 1067 233 1107 At
247 1074 382 1125 quantopere
395 1065 500 1128 Matthaei
515 1068 569 1110 haee
583 1066 700 1124 Lucaeque
720 1066 843 1109 narratiun-

147 1133 197 1176 cula
212 1133 239 1176 de
252 1134 307 1177 Jesir
322 1143 382 1186 ortu,
399 1150 444 1193 quo
459 1135 582 1193 simplicior
597 1150 623 1177 eo
639 1133 708 1191 uragis
724 1137 806 1185 ornata,
816 1156 844 1170 ν

149 1217 215 1261 quam
229 1202 369 1245 vehementer
384 1202 643 1260 distraxitinterpretum
654 1202 740 1245 animos
750 1201 778 1244 de
792 1216 844 1245 vero
863 1240 866 1246 .

149 1270 291 1329 quaerentes!
317 1278 397 1329 quanta
416 1270 468 1314 inde
487 1269 515 1313 ab
532 1270 687 1314 Ebionitarum
706 1277 776 1312 aetate
795 1284 845 1312 orsa
874 1308 876 1310 ,

148 1338 176 1381 ad
191 1340 365 1396 nostros'usque
388 1338 435 1382 dies
453 1339 559 1397 pertinuit
578 1339 690 1398 hodieque
711 1337 739 1380 de
756 1337 843 1394 integro

148 1407 244 1449 surrexit
262 1405 403 1464 disceptatio!
433 1406 512 1465 Neque
530 1407 605 1451 minus
624 1407 672 1467 ipse
691 1406 716 1450 in
736 1405 844 1463 augustiis

146 1474 231 1529 sorem,
246 1473 267 1516 si
280 1489 327 1517 rem
341 1481 375 1517 tot
389 1474 556 1519 difficultatibus
571 1484 617 1519 tum
638 1474 735 1518 externis
750 1482 796 1518 tum
810 1475 844 1517 in-

147 1542 218 1586 ternis
232 1549 336 1586 tentatam
351 1542 378 1584 ah
393 1544 456 1586 omni
475 1552 537 1601 parte
557 1544 666 1588 discutere
684 1544 728 1587 hoo
746 1548 844 1600 tempore

148 1610 202 1667 (vid.
218 1610 387 1666 Winerffliol.
409 1610 607 1656 Rcalwo'rtcrhueh
628 1611 652 1664 Ι,
673 1626 694 1669 p.
712 1605 843 1663 subm)

148 1694 247 1737 cogerer.
263 1679 337 1722 Pauca
351 1687 444 1735 tantum,
460 1694 517 1737 qnae
531 1679 558 1723 ah
572 1681 614 1722 hae
629 1685 694 1723 causa
708 1694 754 1722 non
773 1677 845 1723 aliena

148 1764 197 1792 esse
212 1747 348 1802 existimavi,
363 1748 417 1792 haee
432 1747 510 1790 dicam.

203 1817 228 1871 1)
243 1816 297 1858 Inde
313 1816 371 1873 quod
386 1815 508 1859 Matthaeus
522 1816 609 1859 desaiae
619 1815 749 1859 vaticinium
765 1783 845 1865 7,14

149 1884 176 1927 de
195 1883 313 1926 natalibus
322 1883 417 1926 Messiae
437 1884 625 1942 interpretandum
644 1889 747 1938 testatur,
771 1884 846 1941 conje-

146 1961 205 1995 ctare
215 1952 289 1995 forsan
299 1950 388 2005 lieet,
374 1967 482 2009 apocopa
491 1951 653 1995 forevMessiam
662 1951 724 2009 jam'
717 1959 775 1994 anter
784 1952 846 2010 ipsos

147 2020 231 2063 Christi
246 2020 348 2078 aequales
363 2021 419 2062 fama
430 2021 523 2080 quedam
538 2035 578 2063 seu
588 2020 695 2079 opinione
710 2019 846 2077 divulgatum

148 2087 226 2131 fuisse.
256 2088 279 2130 A
297 2086 408 2133 Stranssio
422 2103 516 2148 ¹quoque
533 2088 563 2131 V.
585 2088 620 2132 Cl.
639 2088 664 2131 in
683 2087 740 2131 hane
758 2093 845 2130 senten·

144 2157 197 2200 tiam
211 2156 276 2201 video
284 2156 391 2215 disputari
402 2156 488 2215 (Lehen
497 2155 553 2200 Jesu
562 2158 576 2213 ἕ
584 2157 623 2210 ho,
638 2173 663 2215 p.
678 2155 724 2199 255
733 2155 786 2200 edit.
794 2154 844 2213 Ill),

146 2241 174 2268 cx
189 2241 232 2283 qna
247 2225 289 2268 alia
304 2226 369 2268 etiam
384 2224 413 2269 V.
431 2224 461 2268 T.
478 2225 535 2268 dieta
550 2232 574 2267 ut
588 2224 627 2268 Ps.
644 2226 668 2280 2,
683 2223 698 2265 7
712 2223 845 2267 adverbum

146 2293 255 2352 explicata
268 2293 383 2337 habendae
396 2293 458 2337 illins
473 2293 587 2354 opinionis
601 2300 622 2334 et
641 2292 794 2351 propagandae
808 2308 846 2335 au-

146 2378 192 2405 sam
207 2362 358 2421 praehuerint.
390 2362 477 2406 Tamen
491 2377 565 2421 neque
579 2360 665 2418 priores
672 2376 694 2405 v.
709 2375 728 2403 e.
745 2359 847 2404 aGociln

148 2432 164 2475 Ι,
181 2431 279 2489 c.1‚p.
298 2430 345 2473 493
356 2429 405 2474 vnee
425 2431 558 2474 novissimus
578 2429 684 2472 librorum
703 2428 846 2473 Judaieorum

148 2507 258 2543 scrutator
273 2497 378 2542 Gfroerer
392 2507 450 2543 certa
468 2500 535 2555 hujus
550 2498 583 2542 rei
602 2505 730 2557 argumenta
750 2495 845 2554 protnle-

150 2575 214 2619 runt‚
231 2583 298 2627 quum
314 2567 443 2611 recentioris
458 2568 525 2612 modo
543 2568 648 2627 temporis
668 2565 761 2622 vestigia
781 2579 845 2622 quae-

148 2636 198 2680 dam
212 2651 239 2680 oo
253 2634 367 2680 referenda
381 2643 467 2680 exstent
481 2638 505 2680 iu
525 2636 590 2682 lihris
610 2652 657 2680 non
676 2634 761 2691 ahsque
774 2648 847 2676 rerum

148 2704 325 2750 Christianarum
340 2703 418 2749 notitia
433 2704 573 2765 conscriptis.
611 2704 637 2749 Si
658 2716 710 2749 vero
725 2700 804 2747 Judaei
819 2701 847 2745 de
