1851 3132
465 237 501 280 lo

131 376 186 419 cula
196 374 304 418 tradidere
315 373 397 431 (Mitt.
413 375 437 425 5,
453 375 474 418 1.
489 364 541 418 Aru¹
556 373 581 427 ξ),
596 373 632 415 ll.
647 372 694 417 des.
710 374 746 426 11,
762 374 782 417 1.
797 374 835 425 10,

131 442 201 487 Zaclr.
216 443 241 498 5,
255 442 276 486 8.
292 443 315 499 6,
330 443 366 499 12,
381 443 409 485 de
422 442 492 485 altera
505 442 577 497 fama,
592 456 620 484 ex
634 457 680 500 qua
693 442 758 500 molti
770 442 835 487 Jose·

131 512 171 569 plri
186 511 348 571 seullphrainri
363 511 464 565 subolem
478 510 606 569 praestolati
620 510 666 553 siut
676 509 742 553 vida
757 509 836 554 (loellu

132 587 148 630 l.
163 596 183 623 e.
201 581 308 639 pluo,
328 579 507 623 Palaestineuses
527 579 615 639 quidem
629 579 660 622 ita
674 593 716 638 pro
731 585 790 622 certo
804 579 837 621 vi·

106 698 111 706 s
132 649 212 691 dentur
226 648 343 703 habuisse,
360 653 384 690 ut
398 661 489 706 prorsus
500 646 605 692 sollemni
619 648 662 690 lroe
672 646 763 690 nomine
777 641 837 703 (υἱὸς

132 732 154 760 e.
170 715 256 775 Aasstt)
271 715 304 758 uti
323 715 487 770 adsuescerent.
530 715 590 759 lude
603 716 680 759 urbem
695 715 785 759 Christo
803 715 837 757 iu·

132 793 204 828 trante
223 800 249 827 ea
263 798 352 843 quoque
371 784 487 828 exauditur
511 785 623 828 ovantium
642 783 757 827 hominum
776 798 836 827 vox:
872 827 879 837 „

133 851 274 912 εὐλογημένη
281 850 389 911 --Δαβὶὃ
402 851 482 908 (Marc.
499 854 536 900 11,
545 853 603 908 ro).
613 852 687 896 Homo
697 867 784 909 caecus,
799 851 839 910 qui

132 924 157 964 in
177 923 213 966 via
232 921 346 978 consedit,
370 920 509 966 Nazarenum
523 920 602 964 lesum
621 920 739 965 adventare
758 921 840 963 certior

133 991 204 1033 factos
218 1003 298 1049 magua
313 1003 367 1033 voce
376 989 495 1046 exclamat:
512 991 548 1035 υἱὲ
561 989 591 1033 A.
607 980 738 1045 ἐλέησόνμε.
764 987 839 1043 Quum

132 1067 206 1103 autern
221 1073 267 1101 non
282 1056 324 1100 lilii
337 1057 430 1101 Davidis
444 1057 484 1101 sed
497 1056 593 1101 Messiae
607 1058 637 1108 sit
655 1056 753 1115 aegrotis
766 1056 842 1100 mede·
862 1076 864 1079 ’

132 1129 167 1182 ri,
188 1125 353 1184 iterumtitulo
374 1125 484 1183 singulari
503 1127 532 1169 ab
552 1141 620 1168 uuam
634 1125 839 1176 rationemusitato

133 1201 202 1239 totam
219 1194 416 1252 illiuspcrsonaur
435 1191 618 1237 videssubstitui
638 1193 727 1241 (lllattlr.
743 1194 784 1249 20,
798 1193 838 1236 50.

133 1262 211 1321 parall.
226 1260 287 1306 coni.
302 1261 339 1317 15,
354 1261 391 1303 22.
401 1261 460 1305 Luc
468 1262 492 1316 1,
505 1261 545 1304 52.
561 1261 634 1321 Apoc.
650 1261 674 1315 5,
689 1262 711 1306 7.
725 1261 748 1313 ὅ,
764 1262 786 1304 5.
800 1261 838 1312 22,

81 1376 83 1378 ,
133 1331 182 1385 to).
195 1353 224 1363 -
237 1331 259 1372 Α
275 1329 361 1374 Christi
380 1337 402 1373 ct
420 1330 553 1373 verecundia
570 1336 593 1372 et
611 1344 696 1372 summa
711 1329 841 1373 auctoritate

105 1435 108 1439 ,
129 1407 159 1453 ,ιιι
172 1398 200 1441 de
219 1397 296 1457 proavi
311 1398 401 1440 humaui
420 1398 519 1440 claritate
534 1412 640 1456 unquam
645 1397 779 1456 gloriaretur
792 1398 841 1441 lou·

53 1489 56 1496 ,
132 1465 321 1526 gissirueahl'uit:
347 1474 481 1525 quapropter
495 1481 542 1509 non
560 1464 632 1509 solum
647 1465 766 1509 ostentavit
783 1481 840 1509 nun-

134 1550 206 1593 quarm¹
214 1533 279 1577 illum
293 1533 408 1590 honorem,
418 1549 498 1577 «verum
506 1533 628 1593 pupugisse
639 1532 703 1577 etiam
710 1533 841 1578 Pharisaeos

133 1602 256 1661 reperitur,
279 1601 320 1660 qui
342 1601 434 1645 minutis
454 1617 521 1662 saepe
545 1601 713 1661 quaestiouibus
737 1605 842 1662 occupati

133 1669 255 1714 Davidiani
268 1669 361 1720 seminis
379 1670 470 1714 maximi
484 1670 637 1714 excellentiam
653 1670 759 1727 fecerint,
773 1670 842 1730 siqui·

133 1739 242 1782 domnoc
256 1744 314 1781 certe
328 1736 412 1792 Christi
427 1739 545 1783 consilium
560 1739 634 1797 prodit
646 1739 711 1782 locus
725 1739 842 1797 ambiguus

133 1806 213 1850 Matth.
225 1805 269 1863 22,
284 1805 322 1849 42.
336 1806 405 1865 Apud
418 1806 543 1851 Jolranuem
553 1821 614 1864 vero,
630 1807 670 1866 qui
684 1822 731 1850 non
740 1822 754 1850 a
763 1822 842 1864 genea-

134 1874 194 1932 logia
208 1870 249 1918 scd
263 1891 276 1919 a
291 1874 366 1919 divina
381 1875 467 1918 Christi
482 1876 576 1934 origiue,
587 1875 733 1934 significanda
751 1875 843 1919 initium

134 1942 194 2000 cepit
213 1937 347 1987 narrationis
373 1950 402 1991 et
417 1944 509 1987 omnino
533 1944 600 2003 ‘plura
618 1943 731 2003 praeteriit
749 1944 843 1987 caeteris

134 2010 233 2065 cariora,
248 2026 276 2060 nc
291 2012 360 2054 semel
374 2011 464 2071 quidem
483 2019 553 2054 exstat
572 2026 654 2054 nomeu
672 2006 723 2060 υἱὸς
741 2027 763 2056 o.
779 2012 841 2070 Λᾱβ.

137 2077 275 2122 Obscuratur
298 2079 357 2122 enim
376 2087 401 2122 ut
414 2079 477 2131 ‘infra
500 2078 587 2124 videbis
601 2079 694 2124 Davidis
712 2087 779 2124 natus
798 2081 843 2124 Dei

136 2146 182 2190 lilii
196 2146 268 2205 gloria
282 2154 304 2189 et
318 2146 440 2203 majestate.
469 2147 553 2191 Paulus
562 2148 660 2208 deniqne
674 2148 714 2191 ubi
729 2148 844 2193 Christum

137 2215 162 2258 in
172 2214 273 2273 epistolis
287 2215 341 2259 dicit
354 2209 481 2274 γενόμενον
495 2217 519 2260 ἐκ
534 2206 665 2277 σπέρματος
678 2214 843 2275 Δαβίὸ(Βοιη.

137 2284 165 2337 1,
180 2283 196 2326 5
211 2283 238 2326 cl.
252 2284 268 2326 2
281 2284 340 2327 Tim.
359 2285 382 2337 2,
403 2285 442 2342 8),
463 2283 579 2343 subjungit
597 2290 673 2330 caute:
687 2284 747 2330 κατὰ
761 2276 844 2346 osipus,

93 2382 99 2385 v
136 2364 166 2394 ne
178 2352 317 2409 potissimam
331 2352 431 2397 rideatur
449 2354 507 2397 hane
521 2352 608 2396 laudem
622 2353 733 2400 statuisse.

194 2418 246 2463 ldeo
260 2422 314 2465 haec
329 2437 347 2464 a·
356 2436 391 2465 me
405 2420 501 2473 breuiter
515 2429 614 2465 enarrata
628 2430 694 2480 sunt,
709 2424 845 2482 primnmout

138 2502 211 2547 neque
230 2504 321 2546 parcum
338 2505 380 2534 nec
400 2489 515 2533 delinitum
533 2490 614 2533 acriter
638 2505 687 2534 esse
706 2492 843 2552 reliquorum

132 2555 254 2600 ‚nominum
269 2573 345 2611 usum,
360 2573 417 2618 qnae
431 2574 499 2602 unam
512 2556 560 2602 fere
574 2574 667 2618 eamque
680 2559 843 2619 volgaremrco·

138 2628 269 2687 gitationem
283 2626 435 2683 continerent,
450 2627 533 2671 deinde
546 2642 598 2671 vero
616 2635 641 2671 ut
655 2629 715 2673 haud
729 2644 779 2673 raro
794 2644 843 2673 sen·

140 2697 222 2740 tentiae
236 2696 354 2740 discrimen
369 2694 459 2754 aliquod
468 2695 532 2750 cerni
543 2697 692 2755 ostenderem,
707 2699 726 2741 si
742 2713 798 2757 quae
812 2704 842 2740 at·

141 2764 223 2809 tributa
241 2764 277 2810 vcl
291 2782 304 2809 a
322 2763 458 2809 ludaeorum
478 2765 622 2810 multitudine
640 2767 675 2811 vel
694 2783 710 2810 a-
727 2765 843 2825 discipulis
